Date,VALUE,VOLUME
2019-12-18 15:03:18.126,98.465,2.0
2019-12-18 15:05:49.143,98.465,20.0
2019-12-18 15:08:06.084,98.465,600.0
2019-12-18 15:08:07.877,98.465,18.0
2019-12-18 15:08:19.209,98.465,700.0
2019-12-18 15:08:20.683,,12.0
2019-12-18 15:08:20.700,,12.0
2019-12-18 15:09:32.114,,5.0
2019-12-18 15:09:32.114,,71.0
2019-12-18 15:11:46.774,,6.0
2019-12-18 15:11:46.774,,7.0
2019-12-18 15:12:55.398,,10.0
2019-12-18 15:12:55.408,,90.0
2019-12-18 15:14:08.920,,100.0
2019-12-18 15:19:29.998,,2.0
2019-12-18 15:26:18.262,,1.0
2019-12-18 15:40:28.759,98.465,15.0
2019-12-18 15:43:55.597,98.465,48.0
2019-12-18 15:48:36.766,98.465,13.0
2019-12-18 15:48:36.778,98.465,10.0
2019-12-18 15:51:09.067,,1.0
2019-12-18 15:51:50.588,,3.0
2019-12-18 15:57:25.376,,1.0
2019-12-18 15:57:47.293,,15.0
2019-12-18 15:58:27.253,,2.0
2019-12-18 16:00:03.648,,5.0
2019-12-18 16:00:21.292,,3.0
2019-12-18 16:00:21.302,,1.0
2019-12-18 16:00:28.686,,1.0
2019-12-18 16:00:46.446,,1.0
2019-12-18 16:08:09.873,98.46,1.0
2019-12-18 16:09:41.140,98.465,43.0
2019-12-18 16:09:41.150,,5.0
2019-12-18 16:09:49.853,,5.0
2019-12-18 16:10:10.305,,1.0
2019-12-18 16:10:29.205,,4.0
2019-12-18 16:25:09.795,98.465,105.0
2019-12-18 16:39:41.664,98.465,3.0
2019-12-18 16:40:47.548,,1.0
2019-12-18 16:42:07.222,98.465,2.0
2019-12-18 16:43:29.783,,4.0
2019-12-18 16:45:00.244,,1.0
2019-12-18 16:45:48.712,98.465,11.0
2019-12-18 16:45:48.720,,127.0
2019-12-18 16:45:48.740,98.465,4.0
2019-12-18 16:48:30.699,98.465,7.0
2019-12-18 16:50:46.976,98.465,3.0
2019-12-18 16:50:46.990,98.465,1.0
2019-12-18 16:50:47.008,98.465,12.0
2019-12-18 16:50:47.026,98.465,1.0
2019-12-18 16:50:47.188,,1.0
2019-12-18 16:50:47.188,,23.0
2019-12-18 16:51:23.094,98.465,4.0
2019-12-18 16:51:23.112,98.465,46.0
2019-12-18 16:51:23.114,98.465,10.0
2019-12-18 16:51:23.114,98.465,10.0
2019-12-18 16:51:23.554,98.465,50.0
2019-12-18 16:51:46.148,98.465,5.0
2019-12-18 17:57:55.851,,27.0
2019-12-18 18:00:14.837,,100.0
2019-12-18 18:14:36.729,,3.0
2019-12-18 18:23:31.578,98.465,1.0
2019-12-18 18:25:19.813,98.465,2.0
2019-12-18 18:45:57.333,,10.0
2019-12-18 18:50:14.683,98.465,4.0
2019-12-18 18:56:18.575,98.465,2.0
2019-12-18 18:56:18.694,98.465,1.0
2019-12-18 18:56:18.815,98.465,1.0
2019-12-18 18:56:18.815,98.465,2.0
2019-12-18 18:56:18.885,98.465,2.0
2019-12-18 18:56:18.953,98.465,2.0
2019-12-18 18:56:24.266,98.465,13.0
2019-12-18 18:57:02.678,98.465,1.0
2019-12-18 18:58:27.943,98.465,20.0
2019-12-18 18:59:12.954,98.465,1.0
2019-12-18 19:07:24.605,98.465,1.0
2019-12-18 19:07:24.655,98.465,3.0
2019-12-18 19:15:30.838,98.465,2.0
2019-12-18 19:15:40.151,98.465,6.0
2019-12-18 19:15:40.161,98.465,6.0
2019-12-18 19:15:40.179,98.465,6.0
2019-12-18 19:15:40.179,98.465,8.0
2019-12-18 19:15:40.179,98.465,6.0
2019-12-18 19:15:40.181,98.465,6.0
2019-12-18 19:15:40.181,98.465,6.0
2019-12-18 19:15:40.189,98.465,10.0
2019-12-18 19:15:40.191,98.465,6.0
2019-12-18 19:15:40.191,98.465,6.0
2019-12-18 19:15:40.201,98.465,6.0
2019-12-18 19:15:40.201,98.465,6.0
2019-12-18 19:15:40.209,98.465,6.0
2019-12-18 19:15:40.209,98.465,6.0
2019-12-18 19:15:40.209,98.465,6.0
2019-12-18 19:15:40.211,98.465,6.0
2019-12-18 19:15:40.211,98.465,10.0
2019-12-18 19:15:40.219,98.465,6.0
2019-12-18 19:15:40.219,98.465,10.0
2019-12-18 19:15:40.219,98.465,6.0
2019-12-18 19:15:40.229,98.465,10.0
2019-12-18 19:15:40.229,98.465,6.0
2019-12-18 19:15:40.231,98.465,1.0
2019-12-18 19:15:40.231,98.465,6.0
2019-12-18 19:15:40.241,98.465,6.0
2019-12-18 19:15:40.241,98.465,6.0
2019-12-18 19:15:40.249,98.465,6.0
2019-12-18 19:15:40.249,98.465,6.0
2019-12-18 19:15:40.261,98.465,6.0
2019-12-18 19:15:40.261,98.465,6.0
2019-12-18 19:15:40.269,98.465,6.0
2019-12-18 19:15:40.271,98.465,6.0
2019-12-18 19:15:40.281,98.465,6.0
2019-12-18 19:15:40.289,98.465,6.0
2019-12-18 19:15:40.289,98.465,6.0
2019-12-18 19:15:40.301,98.465,6.0
2019-12-18 19:15:40.301,98.465,6.0
2019-12-18 19:15:40.309,98.465,6.0
2019-12-18 19:15:40.311,98.465,6.0
2019-12-18 19:15:40.321,98.465,6.0
2019-12-18 19:15:40.329,98.465,6.0
2019-12-18 19:15:40.329,98.465,6.0
2019-12-18 19:15:40.341,98.465,6.0
2019-12-18 19:15:40.351,98.465,6.0
2019-12-18 19:15:40.493,98.465,6.0
2019-12-18 19:15:40.503,98.465,6.0
2019-12-18 19:15:40.511,98.465,6.0
2019-12-18 19:15:40.511,98.465,6.0
2019-12-18 19:15:40.519,98.465,6.0
2019-12-18 19:15:40.519,98.465,6.0
2019-12-18 19:15:40.531,98.465,6.0
2019-12-18 19:15:40.750,98.465,2.0
2019-12-18 19:15:40.750,98.465,3.0
2019-12-18 19:15:40.769,98.465,1.0
2019-12-18 19:15:40.769,98.465,6.0
2019-12-18 19:15:40.780,98.465,6.0
2019-12-18 19:15:40.801,98.465,6.0
2019-12-18 19:15:40.801,98.465,6.0
2019-12-18 19:15:40.949,98.465,6.0
2019-12-18 19:15:40.960,98.465,6.0
2019-12-18 19:15:40.960,98.465,6.0
2019-12-18 19:15:40.969,98.465,6.0
2019-12-18 19:15:40.981,98.465,6.0
2019-12-18 19:15:40.981,98.465,6.0
2019-12-18 19:15:56.122,98.465,6.0
2019-12-18 19:15:56.122,98.465,6.0
2019-12-18 19:15:56.130,98.465,6.0
2019-12-18 19:15:56.132,98.465,6.0
2019-12-18 19:15:56.140,98.465,6.0
2019-12-18 19:15:56.140,98.465,6.0
2019-12-18 19:15:56.152,98.465,6.0
2019-12-18 19:16:38.649,98.465,6.0
2019-12-18 19:16:38.669,98.465,6.0
2019-12-18 19:16:38.677,98.465,6.0
2019-12-18 19:16:38.679,98.465,6.0
2019-12-18 19:16:38.689,98.465,6.0
2019-12-18 19:16:38.697,98.465,6.0
2019-12-18 19:16:38.697,98.465,1.0
2019-12-18 19:16:38.697,98.465,6.0
2019-12-18 19:16:38.707,98.465,6.0
2019-12-18 19:16:38.709,98.465,6.0
2019-12-18 19:16:38.709,98.465,6.0
2019-12-18 19:16:38.709,98.465,6.0
2019-12-18 19:16:38.717,98.465,10.0
2019-12-18 19:16:38.717,98.465,6.0
2019-12-18 19:16:38.717,98.465,6.0
2019-12-18 19:16:38.727,98.465,10.0
2019-12-18 19:16:38.727,98.465,4.0
2019-12-18 19:16:38.917,98.465,2.0
2019-12-18 19:17:26.369,98.465,1.0
2019-12-18 19:21:12.598,98.465,38.0
2019-12-18 19:21:12.609,98.465,303.0
2019-12-18 19:21:12.609,98.465,35.0
2019-12-18 19:21:12.609,98.465,43.0
2019-12-18 19:21:35.156,98.465,1.0
2019-12-18 19:21:35.177,98.465,2.0
2019-12-18 19:24:27.310,98.465,1.0
2019-12-18 19:28:09.336,98.465,1.0
2019-12-18 19:28:09.344,98.465,1.0
2019-12-18 19:29:48.728,98.465,1.0
2019-12-18 19:29:48.748,98.465,2.0
2019-12-18 19:30:16.817,98.465,2150.0
2019-12-18 19:30:17.010,98.465,266.0
2019-12-18 19:30:17.269,98.465,255.0
2019-12-18 19:30:26.298,98.465,1.0
2019-12-18 19:30:26.318,98.465,13.0
2019-12-18 19:30:26.318,98.465,10.0
2019-12-18 19:30:26.328,98.465,1.0
2019-12-18 19:30:26.336,98.465,10.0
2019-12-18 19:30:26.448,98.465,10.0
2019-12-18 19:30:29.076,98.465,1.0
2019-12-18 19:30:29.076,98.465,4.0
2019-12-18 19:30:29.078,98.465,13.0
2019-12-18 19:30:29.386,98.465,325.0
2019-12-18 19:30:29.388,98.465,1.0
2019-12-18 19:31:04.008,98.465,2.0
2019-12-18 19:31:42.368,98.465,2.0
2019-12-18 19:31:42.376,98.465,2.0
2019-12-18 19:31:42.378,98.465,3.0
2019-12-18 19:31:42.378,98.465,1.0
2019-12-18 19:31:42.378,98.465,46.0
2019-12-18 19:31:58.296,98.465,20.0
2019-12-18 19:32:04.437,98.465,2.0
2019-12-18 19:35:48.891,98.465,20.0
2019-12-18 19:35:48.902,98.465,5.0
2019-12-18 19:37:11.303,98.465,18.0
2019-12-18 19:41:51.374,98.465,296.0
2019-12-18 19:41:51.386,98.465,65.0
2019-12-18 19:41:51.586,98.465,10.0
2019-12-18 19:44:03.098,,1.0
2019-12-18 19:44:50.599,98.465,2.0
2019-12-18 19:44:51.110,98.465,33.0
2019-12-18 19:44:51.119,98.465,10.0
2019-12-18 19:44:51.129,98.465,10.0
2019-12-18 19:44:51.129,98.465,10.0
2019-12-18 19:44:58.599,98.465,10.0
2019-12-18 19:44:58.709,98.465,4.0
2019-12-18 19:44:58.709,98.465,7.0
2019-12-18 19:44:58.728,98.465,1.0
2019-12-18 19:45:08.919,98.465,14.0
2019-12-18 19:45:09.107,98.465,31.0
2019-12-18 19:45:24.179,98.465,1.0
2019-12-18 19:45:24.189,,18.0
2019-12-18 19:45:28.688,98.465,1.0
2019-12-18 19:45:28.768,98.465,2.0
2019-12-18 19:45:28.838,98.465,1.0
2019-12-18 19:45:48.629,98.465,1.0
2019-12-18 19:53:16.119,98.465,113.0
2019-12-18 19:53:16.209,98.465,1.0
2019-12-18 19:53:16.289,98.465,2.0
2019-12-18 19:53:16.368,98.465,1.0
2019-12-18 19:53:16.439,98.465,1.0
2019-12-18 19:53:16.509,98.465,1.0
2019-12-18 19:53:16.589,98.465,1.0
2019-12-18 19:53:16.609,98.465,1.0
2019-12-18 19:53:16.669,98.465,1.0
2019-12-18 19:53:16.777,98.465,1.0
2019-12-18 19:53:16.847,98.465,1.0
2019-12-18 19:53:16.909,98.465,2.0
2019-12-18 19:53:16.919,98.465,1.0
2019-12-18 19:53:16.987,98.465,1.0
2019-12-18 19:53:16.987,98.465,7.0
2019-12-18 19:53:43.702,98.465,3.0
2019-12-18 19:53:43.772,,11.0
2019-12-18 19:53:43.792,98.465,1.0
2019-12-18 19:53:43.852,98.465,1.0
2019-12-18 19:53:51.851,98.465,10.0
2019-12-18 19:53:51.862,98.465,10.0
2019-12-18 19:53:51.862,98.465,10.0
2019-12-18 19:53:51.862,98.465,10.0
2019-12-18 19:53:51.870,98.465,4.0
2019-12-18 19:53:51.872,98.465,12.0
2019-12-18 19:55:51.279,,11.0
2019-12-18 19:55:51.281,,11.0
2019-12-18 19:55:51.341,,11.0
2019-12-18 19:56:55.652,98.465,27.0
2019-12-18 19:56:55.692,98.465,7.0
2019-12-18 19:57:29.395,,11.0
2019-12-18 20:02:11.029,98.465,980.0
2019-12-18 20:02:11.040,98.465,19.0
2019-12-18 20:02:11.050,98.465,20.0
2019-12-18 20:02:11.060,98.465,70.0
2019-12-18 20:03:56.182,98.465,1.0
2019-12-18 20:03:56.212,98.465,1.0
2019-12-18 20:09:20.282,,11.0
2019-12-18 20:10:44.699,98.465,22.0
2019-12-18 20:23:10.546,98.465,4.0
2019-12-18 20:23:10.546,98.465,1.0
2019-12-18 20:27:09.672,98.465,1.0
2019-12-18 20:34:05.034,98.465,131.0
2019-12-18 20:34:05.073,98.465,3.0
2019-12-18 20:39:20.248,98.465,98.0
2019-12-18 20:41:02.131,98.465,5.0
2019-12-18 20:42:48.819,,1.0
2019-12-18 20:43:48.735,98.465,1.0
2019-12-18 20:43:48.735,98.465,1.0
2019-12-18 20:58:18.799,98.465,50.0
2019-12-18 20:58:18.999,98.465,50.0
2019-12-18 20:58:19.219,98.465,50.0
2019-12-18 20:58:19.467,98.465,50.0
2019-12-18 20:58:19.721,98.465,50.0
2019-12-18 20:58:19.919,98.465,50.0
2019-12-18 20:58:20.169,98.465,1.0
2019-12-18 20:58:20.429,98.465,50.0
2019-12-18 20:58:20.667,98.465,50.0
2019-12-18 20:58:20.869,98.465,1.0
2019-12-18 20:58:20.889,98.465,36.0
2019-12-18 20:58:21.109,98.465,50.0
2019-12-18 20:58:21.357,98.465,29.0
2019-12-18 20:58:36.757,98.465,83.0
2019-12-18 20:58:36.787,98.465,99.0
2019-12-18 20:58:49.477,98.465,1.0
2019-12-18 20:58:52.906,98.465,147.0
2019-12-18 20:58:52.914,98.465,277.0
2019-12-18 20:58:52.916,98.465,134.0
2019-12-18 21:06:14.764,,11.0
2019-12-18 21:06:14.764,,11.0
2019-12-18 21:06:19.253,,11.0
2019-12-18 21:06:19.255,,11.0
2019-12-18 21:06:19.265,,11.0
2019-12-18 21:06:19.834,,11.0
2019-12-18 21:06:23.613,,11.0
2019-12-18 21:06:23.613,,11.0
2019-12-18 21:06:25.394,,11.0
2019-12-18 21:06:25.452,,11.0
2019-12-18 21:06:29.401,,11.0
2019-12-18 21:06:29.472,,11.0
2019-12-18 21:06:31.552,,11.0
2019-12-18 21:06:31.562,,11.0
2019-12-18 21:06:37.502,,11.0
2019-12-18 21:06:46.010,,11.0
2019-12-18 21:06:46.070,,11.0
2019-12-18 21:06:48.691,,11.0
2019-12-18 21:06:58.191,98.465,81.0
2019-12-18 21:06:58.240,98.465,10.0
2019-12-18 21:06:58.240,98.465,29.0
2019-12-18 21:06:58.242,98.465,23.0
2019-12-18 21:06:58.242,98.465,82.0
2019-12-18 21:07:06.862,,1.0
2019-12-18 21:07:14.701,,1.0
2019-12-18 21:10:35.724,98.465,16.0
2019-12-18 21:10:56.283,,11.0
2019-12-18 21:11:00.972,,11.0
2019-12-18 21:11:07.712,,11.0
2019-12-18 21:11:07.771,,11.0
2019-12-18 21:11:08.821,,11.0
2019-12-18 21:11:13.160,,11.0
2019-12-18 21:11:13.221,,11.0
2019-12-18 21:11:13.231,,1.0
2019-12-18 21:11:13.231,,1.0
2019-12-18 21:11:13.231,,1.0
2019-12-18 21:11:13.231,,1.0
2019-12-18 21:11:13.231,,1.0
2019-12-18 21:11:13.231,,1.0
2019-12-18 21:11:13.231,,1.0
2019-12-18 21:11:13.231,,1.0
2019-12-18 21:11:13.231,,1.0
2019-12-18 21:11:13.231,,1.0
2019-12-18 21:11:13.231,,1.0
2019-12-18 21:24:00.232,98.465,17.0
2019-12-18 21:24:00.241,98.465,1.0
2019-12-18 21:24:00.241,98.465,1.0
2019-12-18 21:24:00.241,98.465,1.0
2019-12-18 21:24:00.241,98.465,1.0
2019-12-18 21:24:00.241,98.465,1.0
2019-12-18 21:24:00.243,98.465,1.0
2019-12-18 21:24:00.243,98.465,1.0
2019-12-18 21:24:00.243,98.465,45.0
2019-12-18 21:24:00.243,98.465,10.0
2019-12-18 21:24:00.251,98.465,395.0
2019-12-18 21:24:00.251,98.465,252.0
2019-12-18 21:24:00.253,98.465,63.0
2019-12-18 21:24:00.253,98.465,25.0
2019-12-18 21:24:00.262,98.465,152.0
2019-12-18 21:24:00.271,98.465,158.0
2019-12-18 21:24:00.273,98.465,176.0
2019-12-18 21:24:00.282,98.465,63.0
2019-12-18 21:26:55.703,,1.0
2019-12-18 21:26:55.703,,11.0
2019-12-18 21:31:36.886,98.465,16.0
2019-12-18 21:33:06.741,98.465,4.0
2019-12-18 21:42:18.679,98.465,1.0
2019-12-18 21:47:06.569,98.465,1.0
2019-12-18 21:52:48.904,,1.0
2019-12-18 21:54:34.003,,10.0
2019-12-18 21:56:44.398,,10.0
2019-12-18 21:59:26.411,98.47,1.0
2019-12-19 00:08:52.691,98.465,3.0
2019-12-19 00:26:47.585,98.465,5.0
2019-12-19 00:26:47.595,98.465,8.0
2019-12-19 00:26:47.603,98.465,2.0
2019-12-19 00:26:47.605,98.465,10.0
2019-12-19 00:26:47.605,98.465,13.0
2019-12-19 00:30:29.188,98.465,1.0
2019-12-19 00:30:29.200,98.465,48.0
2019-12-19 00:30:29.200,98.465,13.0
2019-12-19 00:32:04.078,98.465,27.0
2019-12-19 00:32:04.088,98.465,1.0
2019-12-19 00:50:15.181,98.465,1.0
2019-12-19 00:50:15.181,98.465,96.0
2019-12-19 00:52:48.211,98.465,72.0
2019-12-19 00:52:51.939,98.465,6.0
2019-12-19 00:52:57.990,98.465,6.0
2019-12-19 00:53:07.361,98.465,18.0
2019-12-19 00:53:07.361,98.465,77.0
2019-12-19 00:56:19.395,98.465,48.0
2019-12-19 00:56:19.406,98.465,50.0
2019-12-19 00:56:19.406,98.465,4.0
2019-12-19 00:56:19.406,98.465,91.0
2019-12-19 00:56:19.414,98.465,6.0
2019-12-19 00:56:19.414,98.465,42.0
2019-12-19 00:56:28.194,98.465,55.0
2019-12-19 00:58:40.332,98.465,25.0
2019-12-19 00:58:40.334,98.465,10.0
2019-12-19 00:59:43.225,98.465,29.0
2019-12-19 00:59:43.225,98.465,5.0
2019-12-19 00:59:43.233,98.465,5.0
2019-12-19 00:59:43.233,98.465,5.0
2019-12-19 00:59:43.235,98.465,5.0
2019-12-19 00:59:43.243,98.465,5.0
2019-12-19 00:59:43.243,98.465,5.0
2019-12-19 00:59:43.243,98.465,5.0
2019-12-19 00:59:43.243,98.465,5.0
2019-12-19 00:59:43.245,98.465,5.0
2019-12-19 00:59:43.253,98.465,5.0
2019-12-19 00:59:43.255,98.465,5.0
2019-12-19 00:59:43.255,98.465,5.0
2019-12-19 00:59:43.255,98.465,5.0
2019-12-19 00:59:43.255,98.465,5.0
2019-12-19 00:59:43.263,98.465,5.0
2019-12-19 00:59:43.263,98.465,5.0
2019-12-19 00:59:43.263,98.465,5.0
2019-12-19 00:59:43.265,98.465,5.0
2019-12-19 00:59:43.275,98.465,5.0
2019-12-19 01:01:47.864,98.465,21.0
2019-12-19 01:03:00.594,98.465,143.0
2019-12-19 01:03:00.602,98.465,49.0
2019-12-19 01:03:00.602,98.465,14.0
2019-12-19 01:03:00.602,98.465,1.0
2019-12-19 01:06:11.191,98.465,38.0
2019-12-19 01:06:11.191,98.465,70.0
2019-12-19 01:06:11.193,98.465,10.0
2019-12-19 01:06:11.193,98.465,1.0
2019-12-19 01:06:11.213,98.465,1.0
2019-12-19 01:06:11.213,98.465,17.0
2019-12-19 01:06:11.213,98.465,15.0
2019-12-19 01:06:11.223,98.465,44.0
2019-12-19 01:06:11.233,98.465,1.0
2019-12-19 01:26:26.184,98.465,16.0
2019-12-19 01:47:38.293,98.465,1.0
2019-12-19 03:00:33.469,98.465,2.0
2019-12-19 06:16:24.651,98.465,30.0
2019-12-19 07:02:57.868,98.465,45.0
2019-12-19 07:06:11.311,98.465,29.0
2019-12-19 07:06:11.311,98.465,25.0
2019-12-19 07:06:51.773,98.465,5.0
2019-12-19 07:10:02.579,98.465,29.0
2019-12-19 07:10:02.589,98.465,34.0
2019-12-19 07:10:02.619,98.465,29.0
2019-12-19 07:11:06.748,98.465,21.0
2019-12-19 07:11:06.748,98.465,1.0
2019-12-19 07:11:06.748,98.465,1.0
2019-12-19 07:11:06.748,98.465,2.0
2019-12-19 07:11:06.748,98.465,4.0
2019-12-19 07:32:02.107,98.465,94.0
2019-12-19 07:35:15.172,98.465,29.0
2019-12-19 08:00:55.553,98.465,8.0
2019-12-19 08:19:19.931,98.465,8.0
2019-12-19 08:51:14.673,,31.0
2019-12-19 09:06:30.553,98.46,1.0
2019-12-19 09:06:38.785,,65.0
2019-12-19 09:07:24.839,98.46,3.0
2019-12-19 09:07:24.841,98.46,13.0
2019-12-19 09:07:24.869,98.46,3.0
2019-12-19 09:07:24.869,98.46,1.0
2019-12-19 09:07:24.869,98.46,6.0
2019-12-19 09:07:24.869,98.46,20.0
2019-12-19 09:07:24.879,98.46,23.0
2019-12-19 09:07:24.879,98.46,4.0
2019-12-19 09:07:24.879,98.46,1.0
2019-12-19 09:07:24.889,98.46,3.0
2019-12-19 09:07:24.889,98.46,2.0
2019-12-19 09:07:24.889,98.46,2.0
2019-12-19 09:07:24.889,98.46,10.0
2019-12-19 09:07:24.911,98.46,10.0
2019-12-19 09:07:24.921,98.46,16.0
2019-12-19 09:07:24.939,98.46,10.0
2019-12-19 09:07:24.939,98.46,10.0
2019-12-19 09:15:16.362,,15.0
2019-12-19 09:15:45.801,,275.0
2019-12-19 09:16:07.310,,4.0
2019-12-19 09:17:46.659,,4.0
2019-12-19 09:25:38.704,98.46,1500.0
2019-12-19 09:25:38.712,98.46,157.0
2019-12-19 09:25:38.842,98.46,2.0
2019-12-19 09:25:38.842,98.46,75.0
2019-12-19 09:25:38.842,98.46,8.0
2019-12-19 09:25:38.842,98.46,19.0
2019-12-19 09:25:38.874,98.46,1.0
2019-12-19 09:25:38.914,98.46,2.0
2019-12-19 09:25:38.922,98.46,31.0
2019-12-19 09:25:38.942,98.46,10.0
2019-12-19 09:25:38.942,98.46,2.0
2019-12-19 09:25:39.214,98.46,2.0
2019-12-19 09:25:39.424,98.46,2.0
2019-12-19 09:25:39.734,98.46,2.0
2019-12-19 09:25:39.734,98.46,10.0
2019-12-19 09:25:39.734,98.46,10.0
2019-12-19 09:25:40.012,98.46,1.0
2019-12-19 09:25:40.012,98.46,14.0
2019-12-19 09:25:40.012,98.46,10.0
2019-12-19 09:25:49.591,98.46,10.0
2019-12-19 09:25:49.603,98.46,10.0
2019-12-19 09:27:31.530,98.46,10.0
2019-12-19 09:27:31.558,98.46,37.0
2019-12-19 09:27:31.558,98.46,5.0
2019-12-19 09:27:31.608,98.46,1.0
2019-12-19 09:28:35.273,98.46,2.0
2019-12-19 09:28:35.284,98.46,30.0
2019-12-19 09:35:18.681,,4.0
2019-12-19 09:35:18.831,98.46,29.0
2019-12-19 09:43:25.199,98.46,70.0
2019-12-19 09:51:13.409,98.46,10.0
2019-12-19 09:51:17.211,98.46,7.0
2019-12-19 09:55:53.987,98.46,17.0
2019-12-19 09:55:54.067,98.46,4.0
2019-12-19 09:55:54.169,98.46,2.0
2019-12-19 09:56:34.148,98.46,2.0
2019-12-19 09:56:34.188,98.46,2.0
2019-12-19 10:09:04.111,98.46,409.0
2019-12-19 10:09:06.791,98.46,1.0
2019-12-19 10:09:07.940,98.46,1.0
2019-12-19 10:09:07.948,98.46,20.0
2019-12-19 10:09:39.849,,1.0
2019-12-19 10:20:40.396,,2.0
2019-12-19 10:40:35.531,98.46,28.0
2019-12-19 10:44:51.676,98.46,6.0
2019-12-19 10:44:51.696,98.46,16.0
2019-12-19 10:44:51.696,98.46,23.0
2019-12-19 10:44:51.696,98.46,43.0
2019-12-19 10:48:03.962,98.46,4.0
2019-12-19 10:48:03.972,98.46,1.0
2019-12-19 11:00:05.212,98.46,8.0
2019-12-19 11:00:31.193,98.46,6.0
2019-12-19 11:07:15.256,98.46,447.0
2019-12-19 11:07:15.265,98.46,29.0
2019-12-19 11:07:15.265,98.46,20.0
2019-12-19 11:07:15.267,98.46,87.0
2019-12-19 11:07:15.275,98.46,17.0
2019-12-19 11:07:41.078,98.46,48.0
2019-12-19 11:07:41.088,98.46,15.0
2019-12-19 11:07:41.096,98.46,20.0
2019-12-19 11:07:41.096,98.46,17.0
2019-12-19 11:07:41.108,98.46,11.0
2019-12-19 11:07:42.557,98.46,30.0
2019-12-19 11:08:06.057,,1.0
2019-12-19 11:08:06.067,,9.0
2019-12-19 11:08:30.659,,1.0
2019-12-19 11:08:30.669,,9.0
2019-12-19 11:08:35.668,,1.0
2019-12-19 11:08:35.668,,9.0
2019-12-19 11:08:40.789,,5.0
2019-12-19 11:22:15.319,,113.0
2019-12-19 11:23:04.459,,50.0
2019-12-19 11:23:45.538,,3.0
2019-12-19 11:24:31.661,,30.0
2019-12-19 11:24:31.669,,33.0
2019-12-19 11:25:19.892,,5.0
2019-12-19 11:25:21.672,,1.0
2019-12-19 11:25:21.712,,4.0
2019-12-19 11:27:12.393,98.46,4.0
2019-12-19 11:33:12.106,98.46,40.0
2019-12-19 11:36:38.625,98.46,48.0
2019-12-19 11:55:30.454,98.46,5.0
2019-12-19 11:55:31.564,98.46,1.0
2019-12-19 11:55:32.205,98.46,1.0
2019-12-19 11:55:32.565,98.46,4.0
2019-12-19 11:55:32.584,98.46,5.0
2019-12-19 11:55:33.184,98.46,3.0
2019-12-19 11:55:33.205,98.46,78.0
2019-12-19 11:55:33.205,98.46,1.0
2019-12-19 11:55:33.214,98.46,2.0
2019-12-19 11:55:33.225,98.46,3.0
2019-12-19 11:55:52.075,98.46,24.0
2019-12-19 11:55:52.085,98.46,14.0
2019-12-19 11:55:52.094,98.46,6.0
2019-12-19 11:56:21.313,98.46,359.0
2019-12-19 11:56:21.344,98.46,46.0
2019-12-19 11:56:50.455,98.46,10.0
2019-12-19 11:57:01.152,98.46,306.0
2019-12-19 11:57:01.164,,37.0
2019-12-19 11:57:01.172,98.46,7.0
2019-12-19 11:57:01.182,98.46,49.0
2019-12-19 11:57:01.184,98.46,7.0
2019-12-19 11:58:23.192,98.46,12.0
2019-12-19 11:59:00.288,98.46,151.0
2019-12-19 11:59:00.288,98.46,1.0
2019-12-19 11:59:00.288,98.46,8.0
2019-12-19 11:59:00.288,98.46,7.0
2019-12-19 11:59:00.288,98.46,7.0
2019-12-19 11:59:00.288,98.46,13.0
2019-12-19 11:59:00.288,98.46,20.0
2019-12-19 11:59:00.288,98.46,105.0
2019-12-19 11:59:00.290,98.46,10.0
2019-12-19 11:59:00.290,98.46,90.0
2019-12-19 11:59:21.939,98.46,10.0
2019-12-19 11:59:21.949,98.46,36.0
2019-12-19 11:59:21.957,98.46,10.0
2019-12-19 11:59:21.957,98.46,10.0
2019-12-19 11:59:25.979,98.46,10.0
2019-12-19 11:59:26.087,98.46,17.0
2019-12-19 11:59:26.089,98.46,16.0
2019-12-19 11:59:26.089,98.46,8.0
2019-12-19 11:59:30.229,98.46,9.0
2019-12-19 11:59:30.239,98.46,10.0
2019-12-19 11:59:45.030,98.46,10.0
2019-12-19 12:02:56.116,,1.0
2019-12-19 12:02:56.146,,4.0
2019-12-19 12:02:56.166,,3.0
2019-12-19 12:03:14.895,,8.0
2019-12-19 12:03:27.643,,8.0
2019-12-19 12:05:21.158,,1.0
2019-12-19 12:08:00.789,,2.0
2019-12-19 12:08:00.799,,2.0
2019-12-19 12:10:05.388,,8.0
2019-12-19 12:15:32.662,,10.0
2019-12-19 12:25:21.028,,2.0
2019-12-19 12:25:41.808,,5.0
2019-12-19 12:25:46.438,,2.0
2019-12-19 12:26:08.536,,10.0
2019-12-19 12:27:28.217,,9.0
2019-12-19 12:28:02.726,,2.0
2019-12-19 12:28:15.226,,15.0
2019-12-19 12:28:26.736,,5.0
2019-12-19 12:34:42.423,,10.0
2019-12-19 12:41:48.596,98.46,2.0
2019-12-19 12:47:29.648,,18.0
2019-12-19 12:47:29.666,,82.0
2019-12-19 12:47:53.730,,15.0
2019-12-19 12:51:07.552,,13.0
2019-12-19 12:55:17.409,98.46,12.0
2019-12-19 12:57:39.174,,60.0
2019-12-19 13:00:30.686,,1.0
2019-12-19 13:00:30.696,,4.0
2019-12-19 13:01:43.919,,2.0
2019-12-19 13:01:43.919,,47.0
2019-12-19 13:02:16.702,,7.0
2019-12-19 13:02:16.712,,2.0
2019-12-19 13:06:24.228,,5.0
2019-12-19 13:10:38.506,,11.0
2019-12-19 13:10:38.558,,11.0
2019-12-19 13:10:38.566,,11.0
2019-12-19 13:10:38.566,,11.0
2019-12-19 13:10:38.566,,11.0
2019-12-19 13:10:38.578,,11.0
2019-12-19 13:10:38.578,,11.0
2019-12-19 13:10:38.578,,11.0
2019-12-19 13:10:38.587,,11.0
2019-12-19 13:10:38.587,,11.0
2019-12-19 13:10:38.587,,11.0
2019-12-19 13:10:38.587,,11.0
2019-12-19 13:10:38.598,,11.0
2019-12-19 13:10:38.598,,11.0
2019-12-19 13:10:38.598,,11.0
2019-12-19 13:10:38.606,,11.0
2019-12-19 13:10:38.606,,11.0
2019-12-19 13:10:38.606,,11.0
2019-12-19 13:10:38.616,,11.0
2019-12-19 13:10:38.616,,11.0
2019-12-19 13:10:38.616,,11.0
2019-12-19 13:10:38.627,,11.0
2019-12-19 13:10:38.627,,11.0
2019-12-19 13:10:38.627,,11.0
2019-12-19 13:10:38.627,,11.0
2019-12-19 13:10:38.637,,11.0
2019-12-19 13:10:38.637,,11.0
2019-12-19 13:10:38.637,,11.0
2019-12-19 13:10:38.648,,11.0
2019-12-19 13:10:38.648,,11.0
2019-12-19 13:10:38.648,,11.0
2019-12-19 13:10:38.656,,11.0
2019-12-19 13:10:38.656,,11.0
2019-12-19 13:10:38.656,,11.0
2019-12-19 13:10:38.667,,11.0
2019-12-19 13:10:38.667,,11.0
2019-12-19 13:10:38.667,,11.0
2019-12-19 13:10:38.677,,11.0
2019-12-19 13:10:38.677,,11.0
2019-12-19 13:10:38.677,,11.0
2019-12-19 13:10:38.686,,11.0
2019-12-19 13:10:38.686,,11.0
2019-12-19 13:10:38.687,,11.0
2019-12-19 13:10:38.687,,11.0
2019-12-19 13:10:38.695,,11.0
2019-12-19 13:10:38.695,,11.0
2019-12-19 13:10:38.706,,11.0
2019-12-19 13:10:38.706,,11.0
2019-12-19 13:10:38.708,,11.0
2019-12-19 13:10:38.708,,11.0
2019-12-19 13:10:38.716,,11.0
2019-12-19 13:10:38.718,,11.0
2019-12-19 13:10:38.718,,11.0
2019-12-19 13:10:38.718,,11.0
2019-12-19 13:10:38.726,,11.0
2019-12-19 13:10:38.726,,11.0
2019-12-19 13:10:38.726,,11.0
2019-12-19 13:10:38.737,,11.0
2019-12-19 13:10:38.737,,11.0
2019-12-19 13:10:38.737,,10.0
2019-12-19 13:10:51.067,,4.0
2019-12-19 13:10:51.237,,12.0
2019-12-19 13:11:04.507,,814.0
2019-12-19 13:11:04.517,,25.0
2019-12-19 13:11:04.757,,186.0
2019-12-19 13:11:06.627,,20.0
2019-12-19 13:11:08.357,,40.0
2019-12-19 13:11:08.366,,40.0
2019-12-19 13:11:08.525,,40.0
2019-12-19 13:11:10.147,,13.0
2019-12-19 13:11:15.877,,10.0
2019-12-19 13:11:16.767,,1.0
2019-12-19 13:11:17.496,,10.0
2019-12-19 13:11:26.305,,75.0
2019-12-19 13:11:32.025,,10.0
2019-12-19 13:12:41.540,,7.0
2019-12-19 13:13:08.099,,5.0
2019-12-19 13:13:08.119,,14.0
2019-12-19 13:13:08.129,,1.0
2019-12-19 13:13:08.151,,1.0
2019-12-19 13:13:08.239,,1.0
2019-12-19 13:13:08.269,,1.0
2019-12-19 13:13:37.108,98.455,629.0
2019-12-19 13:13:37.117,,24.0
2019-12-19 13:13:47.369,,1.0
2019-12-19 13:15:36.273,98.46,68.0
2019-12-19 13:15:36.292,98.46,5.0
2019-12-19 13:15:36.791,98.46,35.0
2019-12-19 13:16:01.313,,4.0
2019-12-19 13:16:01.323,,22.0
2019-12-19 13:19:24.974,,12.0
2019-12-19 13:19:24.984,,4.0
2019-12-19 13:19:24.984,,184.0
2019-12-19 13:20:34.476,98.46,1.0
2019-12-19 13:20:34.484,98.46,1.0
2019-12-19 13:20:34.484,98.46,1.0
2019-12-19 13:20:34.484,98.46,1.0
2019-12-19 13:20:34.485,98.46,1.0
2019-12-19 13:20:34.485,98.46,1.0
2019-12-19 13:20:34.505,98.46,1.0
2019-12-19 13:23:36.907,98.46,2.0
2019-12-19 13:23:59.597,,365.0
2019-12-19 13:23:59.606,,3.0
2019-12-19 13:23:59.857,,354.0
2019-12-19 13:24:00.105,,250.0
2019-12-19 13:24:00.115,,86.0
2019-12-19 13:24:00.115,98.46,1.0
2019-12-19 13:24:00.367,,21.0
2019-12-19 13:24:07.307,,10.0
2019-12-19 13:24:07.315,,10.0
2019-12-19 13:24:18.078,,25.0
2019-12-19 13:24:24.347,,5.0
2019-12-19 13:24:32.536,,127.0
2019-12-19 13:24:32.547,,10.0
2019-12-19 13:24:32.795,,98.0
2019-12-19 13:24:32.795,,10.0
2019-12-19 13:24:33.046,,93.0
2019-12-19 13:24:33.046,,5.0
2019-12-19 13:24:37.335,,12.0
2019-12-19 13:24:37.347,,2.0
2019-12-19 13:24:37.347,98.46,1.0
2019-12-19 13:24:37.567,98.46,2.0
2019-12-19 13:24:37.697,98.46,2.0
2019-12-19 13:25:37.355,,16.0
2019-12-19 13:25:37.485,,24.0
2019-12-19 13:27:53.884,98.46,3.0
2019-12-19 13:30:28.175,98.46,8.0
2019-12-19 13:30:28.195,98.46,28.0
2019-12-19 13:30:28.195,98.46,4.0
2019-12-19 13:30:28.203,98.46,9.0
2019-12-19 13:30:28.205,98.46,11.0
2019-12-19 13:30:28.205,98.46,5.0
2019-12-19 13:30:28.214,98.46,19.0
2019-12-19 13:30:28.214,98.46,2.0
2019-12-19 13:30:28.216,98.46,4.0
2019-12-19 13:30:28.216,98.46,3.0
2019-12-19 13:30:28.224,98.46,7.0
2019-12-19 13:30:28.245,98.46,1.0
2019-12-19 13:30:47.105,98.46,31.0
2019-12-19 13:30:47.113,98.46,65.0
2019-12-19 13:30:47.115,98.46,164.0
2019-12-19 13:30:47.115,,86.0
2019-12-19 13:30:47.115,,2.0
2019-12-19 13:30:47.115,98.46,15.0
2019-12-19 13:30:48.223,,38.0
2019-12-19 13:30:53.026,,10.0
2019-12-19 13:30:53.186,,10.0
2019-12-19 13:30:54.626,98.46,29.0
2019-12-19 13:31:05.466,,6.0
2019-12-19 13:31:05.606,,1.0
2019-12-19 13:31:22.496,98.46,300.0
2019-12-19 13:31:22.506,98.46,79.0
2019-12-19 13:31:22.506,98.46,25.0
2019-12-19 13:31:22.514,98.46,23.0
2019-12-19 13:31:22.514,98.46,8.0
2019-12-19 13:31:22.514,98.46,51.0
2019-12-19 13:31:22.514,98.46,29.0
2019-12-19 13:31:22.514,98.46,3.0
2019-12-19 13:31:22.516,98.46,1.0
2019-12-19 13:31:22.516,98.46,2.0
2019-12-19 13:31:22.516,98.46,7.0
2019-12-19 13:31:24.234,98.46,8.0
2019-12-19 13:31:24.816,98.46,2.0
2019-12-19 13:31:27.446,98.46,9.0
2019-12-19 13:31:27.454,98.46,39.0
2019-12-19 13:31:27.466,98.46,10.0
2019-12-19 13:31:32.536,98.46,3.0
2019-12-19 13:31:33.196,98.46,10.0
2019-12-19 13:31:36.456,98.46,30.0
2019-12-19 13:32:01.444,98.46,2.0
2019-12-19 13:32:02.116,98.46,2.0
2019-12-19 13:32:02.234,98.46,2.0
2019-12-19 13:32:02.446,98.46,2.0
2019-12-19 13:32:02.656,98.46,2.0
2019-12-19 13:32:02.864,98.46,2.0
2019-12-19 13:32:03.065,98.46,2.0
2019-12-19 13:32:03.126,98.46,3.0
2019-12-19 13:32:03.616,98.46,3.0
2019-12-19 13:32:03.906,98.46,10.0
2019-12-19 13:32:04.134,98.46,3.0
2019-12-19 13:32:04.134,98.46,10.0
2019-12-19 13:32:04.776,,2.0
2019-12-19 13:32:04.884,98.46,2.0
2019-12-19 13:32:05.896,98.46,20.0
2019-12-19 13:32:05.916,98.46,10.0
2019-12-19 13:32:05.916,98.46,10.0
2019-12-19 13:32:06.456,,1.0
2019-12-19 13:32:11.876,98.46,81.0
2019-12-19 13:32:15.933,98.46,28.0
2019-12-19 13:32:15.943,98.46,20.0
2019-12-19 13:32:31.813,98.46,50.0
2019-12-19 13:32:31.824,98.46,28.0
2019-12-19 13:32:33.554,98.46,41.0
2019-12-19 13:32:33.822,98.46,20.0
2019-12-19 13:33:08.344,98.46,123.0
2019-12-19 13:33:08.354,98.46,6.0
2019-12-19 13:33:08.382,98.46,18.0
2019-12-19 13:33:08.382,98.46,76.0
2019-12-19 13:33:08.422,98.46,30.0
2019-12-19 13:33:08.424,98.46,6.0
2019-12-19 13:33:19.313,98.46,30.0
2019-12-19 13:33:19.313,98.46,84.0
2019-12-19 13:33:20.174,98.46,50.0
2019-12-19 13:33:29.845,98.46,51.0
2019-12-19 13:33:45.142,98.46,8.0
2019-12-19 13:33:58.604,98.46,42.0
2019-12-19 13:33:58.792,98.46,20.0
2019-12-19 13:34:16.694,98.46,28.0
2019-12-19 13:34:43.175,98.46,10.0
2019-12-19 13:35:02.566,,8.0
2019-12-19 13:35:02.806,,2.0
2019-12-19 13:38:34.045,,1.0
2019-12-19 13:38:34.065,,8.0
2019-12-19 13:39:21.201,,1.0
2019-12-19 13:39:21.233,,3.0
2019-12-19 13:39:21.253,,6.0
2019-12-19 13:39:21.282,,1.0
2019-12-19 13:39:39.272,,1.0
2019-12-19 13:39:44.042,,1.0
2019-12-19 13:39:44.082,,1.0
2019-12-19 13:39:49.441,,1.0
2019-12-19 13:40:01.611,,1.0
2019-12-19 13:40:01.641,,2.0
2019-12-19 13:40:01.651,,1.0
2019-12-19 13:40:03.980,,1.0
2019-12-19 13:40:13.661,,1.0
2019-12-19 13:40:16.441,,1.0
2019-12-19 13:40:16.511,,3.0
2019-12-19 13:40:28.559,,1.0
2019-12-19 13:44:18.358,,1.0
2019-12-19 13:44:18.426,,1.0
2019-12-19 13:44:18.786,,1.0
2019-12-19 13:44:24.157,98.46,1.0
2019-12-19 13:44:24.245,,4.0
2019-12-19 13:44:45.985,,3.0
2019-12-19 13:49:08.122,,12.0
2019-12-19 13:49:36.401,98.46,2.0
2019-12-19 13:49:36.409,98.46,1.0
2019-12-19 13:49:36.409,98.46,1.0
2019-12-19 13:49:59.788,98.46,2.0
2019-12-19 13:57:58.181,,2.0
2019-12-19 13:58:37.858,98.465,1.0
2019-12-19 13:58:37.869,,1.0
2019-12-19 14:01:06.470,,5.0
2019-12-19 14:03:27.318,98.465,1.0
2019-12-19 14:03:33.870,,1.0
2019-12-19 14:03:52.479,,5.0
2019-12-19 14:04:06.139,,1.0
2019-12-19 14:08:21.406,,1.0
2019-12-19 14:08:21.406,,1.0
2019-12-19 14:08:21.406,,2.0
2019-12-19 14:14:00.845,,20.0
2019-12-19 14:14:11.915,,5.0
2019-12-19 14:14:20.325,,10.0
2019-12-19 14:14:38.765,,10.0
2019-12-19 14:15:05.376,,5.0
2019-12-19 14:16:30.757,,5.0
2019-12-19 14:19:40.767,,5.0
2019-12-19 14:21:58.133,,5.0
2019-12-19 14:23:47.937,,10.0
2019-12-19 14:30:27.731,,5.0
2019-12-19 14:30:52.177,98.46,600.0
2019-12-19 14:31:02.252,98.46,226.0
2019-12-19 14:31:02.321,98.46,36.0
2019-12-19 14:31:14.888,98.46,1.0
2019-12-19 14:31:14.888,98.46,11.0
2019-12-19 14:46:40.937,98.46,1.0
2019-12-19 14:46:41.439,98.46,1.0
2019-12-19 14:46:42.448,98.46,1.0
2019-12-19 14:54:03.558,98.46,30.0
2019-12-19 14:55:25.126,98.46,339.0
2019-12-19 15:09:10.306,,67.0
2019-12-19 15:13:20.156,,25.0
2019-12-19 15:15:54.850,,50.0
2019-12-19 15:15:55.540,,1.0
2019-12-19 15:15:55.550,,49.0
2019-12-19 15:16:00.730,,1.0
2019-12-19 15:16:00.741,,49.0
2019-12-19 15:16:13.357,,3.0
2019-12-19 15:16:44.935,,50.0
2019-12-19 15:17:10.324,,1.0
2019-12-19 15:17:10.344,,49.0
2019-12-19 15:17:10.422,,50.0
2019-12-19 15:17:17.497,,1.0
2019-12-19 15:17:35.344,,200.0
2019-12-19 15:17:38.455,,25.0
2019-12-19 15:18:19.519,,51.0
2019-12-19 15:18:20.157,,2.0
2019-12-19 15:18:20.157,,49.0
2019-12-19 15:18:25.053,,5.0
2019-12-19 15:18:25.061,,46.0
2019-12-19 15:18:50.091,,472.0
2019-12-19 15:21:29.997,,25.0
2019-12-19 15:22:51.261,,2.0
2019-12-19 15:30:03.376,98.46,3.0
2019-12-19 15:36:48.096,,1.0
2019-12-19 15:36:48.096,,87.0
2019-12-19 15:39:52.583,98.465,50.0
2019-12-19 15:51:53.532,,1.0
2019-12-19 15:51:53.544,,6.0
2019-12-19 16:06:02.342,98.465,2.0
2019-12-19 16:06:02.360,98.465,1.0
2019-12-19 16:11:00.077,,1.0
2019-12-19 16:11:05.571,,1.0
2019-12-19 16:12:11.142,98.46,1.0
2019-12-19 16:12:11.142,98.46,1.0
2019-12-19 16:12:11.142,98.46,1.0
2019-12-19 16:12:11.164,98.46,1.0
2019-12-19 16:12:11.164,98.46,1.0
2019-12-19 16:15:51.886,98.46,150.0
2019-12-19 16:15:51.908,98.46,4.0
2019-12-19 16:25:20.153,98.46,3.0
2019-12-19 16:25:20.161,98.46,4.0
2019-12-19 16:25:20.163,98.46,6.0
2019-12-19 16:25:26.396,,1.0
2019-12-19 16:25:38.380,,1.0
2019-12-19 16:25:41.334,,1.0
2019-12-19 16:25:45.192,,2.0
2019-12-19 16:25:51.524,,6.0
2019-12-19 16:27:11.523,98.46,1.0
2019-12-19 16:27:11.541,98.46,1.0
2019-12-19 16:27:11.541,98.46,1.0
2019-12-19 16:27:11.552,98.46,1.0
2019-12-19 16:27:47.226,98.465,3.0
2019-12-19 16:27:47.265,98.465,6.0
2019-12-19 16:27:47.265,98.465,7.0
2019-12-19 16:27:47.266,98.465,41.0
2019-12-19 16:27:47.275,98.465,1.0
2019-12-19 16:27:47.275,98.465,6.0
2019-12-19 16:27:47.275,98.465,50.0
2019-12-19 16:27:47.275,98.465,25.0
2019-12-19 16:27:47.275,98.465,38.0
2019-12-19 16:27:47.275,98.465,7.0
2019-12-19 16:28:14.999,98.465,1.0
2019-12-19 16:28:17.337,98.465,13.0
2019-12-19 16:28:17.347,98.465,3.0
2019-12-19 16:28:17.347,98.465,10.0
2019-12-19 16:28:27.999,98.465,100.0
2019-12-19 16:28:28.011,98.465,10.0
2019-12-19 16:28:45.809,98.465,2.0
2019-12-19 16:28:45.809,98.465,1.0
2019-12-19 16:28:45.809,98.465,18.0
2019-12-19 16:28:45.809,98.465,9.0
2019-12-19 16:28:45.809,98.465,2.0
2019-12-19 16:28:45.809,98.465,2.0
2019-12-19 16:28:45.809,98.465,15.0
2019-12-19 16:28:45.809,98.465,14.0
2019-12-19 16:28:45.809,98.465,2.0
2019-12-19 16:28:45.809,98.465,4.0
2019-12-19 16:28:45.809,98.465,2.0
2019-12-19 16:28:45.809,98.465,1.0
2019-12-19 16:28:45.809,98.465,1.0
2019-12-19 16:28:45.811,98.465,1.0
2019-12-19 16:28:45.811,98.465,10.0
2019-12-19 16:28:45.811,98.465,2.0
2019-12-19 16:28:45.821,98.465,10.0
2019-12-19 16:28:47.179,98.465,24.0
2019-12-19 16:28:47.179,98.465,5.0
2019-12-19 16:28:47.179,98.465,10.0
2019-12-19 16:31:04.115,98.465,4.0
2019-12-19 16:34:25.115,98.465,2.0
2019-12-19 16:34:25.125,98.465,7.0
2019-12-19 16:34:25.127,98.465,1.0
2019-12-19 16:34:25.155,98.465,3.0
2019-12-19 16:34:25.157,98.465,9.0
2019-12-19 16:34:25.157,98.465,1.0
2019-12-19 16:35:03.439,98.465,2.0
2019-12-19 16:35:03.447,98.465,1.0
2019-12-19 16:35:03.707,98.465,1.0
2019-12-19 16:35:03.959,98.465,2.0
2019-12-19 16:35:03.959,98.465,1.0
2019-12-19 16:35:04.209,98.465,1.0
2019-12-19 16:35:04.719,98.465,2.0
2019-12-19 16:35:04.729,98.465,1.0
2019-12-19 16:35:04.979,98.465,1.0
2019-12-19 16:35:05.740,98.465,2.0
2019-12-19 16:35:05.748,98.465,1.0
2019-12-19 16:35:05.998,98.465,1.0
2019-12-19 16:35:06.250,98.465,2.0
2019-12-19 16:35:06.250,98.465,1.0
2019-12-19 16:35:06.763,98.465,2.0
2019-12-19 16:35:06.771,98.465,1.0
2019-12-19 16:35:07.019,98.465,2.0
2019-12-19 16:35:07.021,98.465,1.0
2019-12-19 16:35:07.279,98.465,1.0
2019-12-19 16:35:07.279,98.465,1.0
2019-12-19 16:35:34.546,98.46,300.0
2019-12-19 16:35:34.564,98.46,87.0
2019-12-19 16:35:34.564,98.46,4.0
2019-12-19 16:35:34.574,98.465,1.0
2019-12-19 16:35:34.586,98.46,5.0
2019-12-19 16:35:34.593,98.46,5.0
2019-12-19 16:35:34.593,98.465,1.0
2019-12-19 16:35:34.913,98.465,1.0
2019-12-19 16:35:35.175,98.465,1.0
2019-12-19 16:35:35.183,98.46,24.0
2019-12-19 16:35:36.295,98.46,3.0
2019-12-19 16:35:43.427,98.465,5.0
2019-12-19 16:35:43.436,98.465,1.0
2019-12-19 16:35:43.436,98.465,1.0
2019-12-19 16:35:43.447,98.465,2.0
2019-12-19 16:35:43.476,98.46,22.0
2019-12-19 16:35:43.476,98.465,31.0
2019-12-19 16:35:43.476,98.465,10.0
2019-12-19 16:35:43.476,98.465,2.0
2019-12-19 16:35:43.476,98.46,36.0
2019-12-19 16:35:43.476,98.465,3.0
2019-12-19 16:35:43.476,98.465,1.0
2019-12-19 16:35:43.476,98.465,12.0
2019-12-19 16:35:43.477,98.46,18.0
2019-12-19 16:35:43.486,98.465,2.0
2019-12-19 16:35:43.486,98.465,7.0
2019-12-19 16:35:43.486,98.465,1.0
2019-12-19 16:35:43.486,98.46,96.0
2019-12-19 16:35:43.507,98.465,1.0
2019-12-19 16:35:47.966,98.465,7.0
2019-12-19 16:35:47.976,98.465,2.0
2019-12-19 16:35:48.104,98.465,2.0
2019-12-19 16:43:24.377,98.46,3.0
2019-12-19 16:46:43.158,,14.0
2019-12-19 16:46:53.588,,6.0
2019-12-19 16:46:53.608,,35.0
2019-12-19 16:47:16.075,,1.0
2019-12-19 16:47:16.084,,16.0
2019-12-19 16:59:07.131,98.46,8.0
2019-12-19 17:00:21.948,,2.0
2019-12-19 17:00:22.146,,1.0
2019-12-19 17:02:02.390,98.46,2.0
2019-12-19 17:02:11.702,98.46,11.0
2019-12-19 17:02:11.702,98.46,2.0
2019-12-19 17:05:47.427,98.46,212.0
2019-12-19 17:07:22.828,,3.0
2019-12-19 17:10:34.060,98.46,6.0
2019-12-19 17:11:57.397,,3.0
2019-12-19 17:18:56.073,98.465,1.0
2019-12-19 17:19:01.372,98.465,1.0
2019-12-19 17:19:05.764,98.46,273.0
2019-12-19 17:19:23.723,98.465,1.0
2019-12-19 17:23:53.561,98.46,2.0
2019-12-19 17:33:34.253,98.465,1.0
2019-12-19 17:51:21.098,98.465,6.0
2019-12-19 17:51:21.098,98.465,6.0
2019-12-19 17:51:21.100,98.465,22.0
2019-12-19 17:51:21.100,98.465,5.0
2019-12-19 17:51:21.100,98.465,41.0
2019-12-19 17:51:21.100,98.465,7.0
2019-12-19 18:00:55.198,98.465,360.0
2019-12-19 18:00:55.198,98.465,1.0
2019-12-19 18:00:55.208,98.465,15.0
2019-12-19 18:00:55.218,98.465,1.0
2019-12-19 18:00:55.239,98.465,3.0
2019-12-19 18:00:55.248,98.465,5.0
2019-12-19 18:00:55.248,98.465,2.0
2019-12-19 18:00:55.248,98.465,1.0
2019-12-19 18:00:55.248,98.465,2.0
2019-12-19 18:00:55.250,98.465,4.0
2019-12-19 18:00:55.260,98.465,3.0
2019-12-19 18:00:55.260,98.465,1.0
2019-12-19 18:00:55.278,98.465,15.0
2019-12-19 18:00:55.278,98.465,3.0
2019-12-19 18:00:55.280,,1.0
2019-12-19 18:00:55.280,98.46,1.0
2019-12-19 18:00:55.280,98.465,1.0
2019-12-19 18:00:55.288,98.465,1.0
2019-12-19 18:00:55.288,98.465,3.0
2019-12-19 18:00:55.288,98.465,1.0
2019-12-19 18:00:55.288,98.465,1.0
2019-12-19 18:00:55.288,98.465,3.0
2019-12-19 18:00:55.288,98.465,5.0
2019-12-19 18:00:55.288,98.465,2.0
2019-12-19 18:00:55.288,98.465,1.0
2019-12-19 18:00:55.288,98.465,2.0
2019-12-19 18:00:55.290,98.465,1.0
2019-12-19 18:00:55.290,98.465,2.0
2019-12-19 18:00:55.290,98.465,1.0
2019-12-19 18:00:55.290,98.465,1.0
2019-12-19 18:00:55.299,98.465,1.0
2019-12-19 18:00:55.299,98.465,3.0
2019-12-19 18:00:55.330,98.465,10.0
2019-12-19 18:00:55.338,98.465,10.0
2019-12-19 18:00:55.338,98.465,10.0
2019-12-19 18:00:55.338,98.465,1.0
2019-12-19 18:00:55.339,98.465,10.0
2019-12-19 18:00:55.358,98.465,1.0
2019-12-19 18:00:55.369,98.465,10.0
2019-12-19 18:00:55.369,98.465,10.0
2019-12-19 18:00:55.369,98.465,1.0
2019-12-19 18:00:55.380,98.465,1.0
2019-12-19 18:00:55.380,98.465,1.0
2019-12-19 18:22:07.344,98.46,2.0
2019-12-19 18:22:07.624,98.46,2.0
2019-12-19 18:22:07.636,98.46,1.0
2019-12-19 18:25:04.173,98.46,2.0
2019-12-19 18:25:04.183,98.46,1.0
2019-12-19 18:38:43.695,98.465,6.0
2019-12-19 18:47:15.373,98.46,1.0
2019-12-19 18:47:30.823,,2.0
2019-12-19 18:47:30.823,98.46,7.0
2019-12-19 18:47:30.823,98.46,4.0
2019-12-19 18:47:52.902,,50.0
2019-12-19 19:15:11.124,98.465,1.0
2019-12-19 19:30:20.318,98.465,109.0
2019-12-19 19:30:21.124,98.465,110.0
2019-12-19 19:32:34.567,98.465,9.0
2019-12-19 19:34:06.158,98.46,9.0
2019-12-19 19:34:06.227,98.46,8.0
2019-12-19 19:52:27.333,98.46,3.0
2019-12-19 19:55:33.982,98.46,3.0
2019-12-19 19:58:46.473,98.46,2.0
2019-12-19 19:58:46.473,98.46,1.0
2019-12-19 19:58:46.505,98.46,3.0
2019-12-19 19:59:01.701,98.46,1.0
2019-12-19 20:16:50.294,98.465,30.0
2019-12-19 20:16:50.301,98.465,11.0
2019-12-19 20:16:50.304,98.465,6.0
2019-12-19 20:16:50.314,98.465,66.0
2019-12-19 20:16:50.314,98.465,66.0
2019-12-19 20:40:23.712,98.46,1.0
2019-12-19 20:42:43.896,98.46,5.0
2019-12-19 20:58:29.263,98.465,55.0
2019-12-19 20:59:53.184,98.46,2.0
2019-12-19 20:59:53.292,98.46,1.0
2019-12-19 20:59:53.294,98.46,1.0
2019-12-19 20:59:54.034,,90.0
2019-12-19 20:59:55.047,98.46,1.0
2019-12-19 21:00:43.118,,1.0
2019-12-19 21:00:43.157,,1.0
2019-12-19 21:01:25.310,,1.0
2019-12-19 21:01:25.390,,2.0
2019-12-19 21:01:25.410,,3.0
2019-12-19 21:01:25.429,,13.0
2019-12-19 21:02:00.222,98.46,46.0
2019-12-19 21:02:00.222,98.46,6.0
2019-12-19 21:02:00.232,98.46,10.0
2019-12-19 21:02:00.242,98.46,3.0
2019-12-19 21:02:00.252,98.46,143.0
2019-12-19 21:02:00.260,98.46,10.0
2019-12-19 21:02:00.270,98.46,11.0
2019-12-19 21:02:00.272,98.46,2.0
2019-12-19 21:02:00.282,98.46,2.0
2019-12-19 21:02:00.291,98.46,145.0
2019-12-19 21:14:26.865,98.465,78.0
2019-12-19 21:24:21.926,98.46,354.0
2019-12-19 21:29:00.239,98.46,2.0
2019-12-19 21:34:23.924,98.46,7.0
2019-12-19 21:38:25.086,98.465,5.0
2019-12-19 21:54:02.322,98.46,1.0
2019-12-19 21:54:03.543,98.46,1.0
2019-12-19 21:54:04.202,98.46,2.0
2019-12-19 21:54:04.213,98.46,1.0
2019-12-19 21:54:04.223,98.46,3.0
2019-12-19 21:54:04.461,98.46,15.0
2019-12-19 21:54:04.461,98.46,10.0
2019-12-19 21:54:29.753,98.46,12.0
2019-12-19 21:55:00.606,,3.0
2019-12-19 21:55:05.887,98.46,10.0
2019-12-19 21:55:05.887,98.46,1.0
2019-12-19 21:55:05.896,,193.0
2019-12-19 21:55:05.896,98.46,25.0
2019-12-19 21:55:05.896,98.46,4.0
2019-12-19 21:55:05.896,98.46,10.0
2019-12-19 21:55:29.666,98.46,55.0
2019-12-19 21:55:29.685,98.46,3.0
2019-12-19 21:55:29.685,98.46,2.0
2019-12-19 21:55:29.685,98.46,3.0
2019-12-19 21:55:29.685,98.46,2.0
2019-12-19 21:55:29.687,98.46,3.0
2019-12-19 21:58:13.047,98.46,2.0
2019-12-19 21:58:20.158,98.46,2.0
2019-12-19 21:58:41.245,98.46,3.0
2019-12-19 21:58:41.254,98.46,4.0
2019-12-19 23:00:00.041,98.46,2.0
2019-12-19 23:21:11.216,98.46,3.0
2019-12-19 23:21:24.426,98.46,1.0
2019-12-19 23:21:24.436,98.46,5.0
2019-12-19 23:21:24.446,98.46,6.0
2019-12-19 23:21:24.446,98.46,3.0
2019-12-19 23:30:40.756,98.46,19.0
2019-12-19 23:30:40.756,98.46,19.0
2019-12-19 23:44:58.005,98.46,24.0
2019-12-20 00:23:07.038,98.46,2.0
2019-12-20 01:01:09.432,98.46,8.0
2019-12-20 01:09:06.555,98.46,4.0
2019-12-20 01:09:06.567,98.46,15.0
2019-12-20 01:13:38.530,98.46,29.0
2019-12-20 01:26:52.994,98.46,24.0
2019-12-20 01:29:27.746,98.46,8.0
2019-12-20 01:46:06.677,98.46,3.0
2019-12-20 01:46:12.197,98.46,17.0
2019-12-20 01:46:18.847,98.46,12.0
2019-12-20 01:59:53.840,98.46,3.0
2019-12-20 01:59:53.842,98.46,2.0
2019-12-20 01:59:53.842,98.46,3.0
2019-12-20 01:59:53.852,98.46,21.0
2019-12-20 04:10:21.715,,11.0
2019-12-20 04:20:41.426,,111.0
2019-12-20 04:20:41.426,,179.0
2019-12-20 04:45:30.842,98.455,2.0
2019-12-20 04:49:55.789,98.455,31.0
2019-12-20 04:55:10.012,,9.0
2019-12-20 05:45:36.620,,71.0
2019-12-20 06:03:12.774,98.455,40.0
2019-12-20 06:56:42.822,98.455,600.0
2019-12-20 06:56:47.092,98.455,360.0
2019-12-20 06:56:47.112,98.455,42.0
2019-12-20 06:56:47.112,98.455,21.0
2019-12-20 06:57:06.601,98.455,189.0
2019-12-20 06:57:06.621,98.455,1.0
2019-12-20 06:57:06.621,98.455,121.0
2019-12-20 07:06:05.145,98.455,20.0
2019-12-20 07:06:20.524,98.455,6.0
2019-12-20 07:06:20.536,98.455,6.0
2019-12-20 07:06:20.555,98.455,4.0
2019-12-20 07:06:20.606,98.455,12.0
2019-12-20 07:06:20.624,98.455,6.0
2019-12-20 07:06:20.636,98.455,6.0
2019-12-20 07:06:20.655,98.455,6.0
2019-12-20 07:06:20.676,98.455,6.0
2019-12-20 07:06:20.686,98.455,16.0
2019-12-20 07:06:20.706,98.455,6.0
2019-12-20 07:06:20.715,98.455,6.0
2019-12-20 07:06:20.734,98.455,6.0
2019-12-20 07:06:20.755,98.455,6.0
2019-12-20 07:06:20.766,98.455,6.0
2019-12-20 07:06:20.784,98.455,6.0
2019-12-20 07:06:20.795,98.455,2.0
2019-12-20 07:06:20.846,98.455,4.0
2019-12-20 07:06:20.866,98.455,6.0
2019-12-20 07:06:20.874,98.455,4.0
2019-12-20 07:06:22.345,98.455,8.0
2019-12-20 07:20:13.141,98.455,170.0
2019-12-20 07:20:13.219,98.455,18.0
2019-12-20 07:20:13.231,98.455,18.0
2019-12-20 07:20:13.251,98.455,18.0
2019-12-20 07:20:13.269,98.455,18.0
2019-12-20 07:20:13.291,98.455,11.0
2019-12-20 07:20:13.329,98.455,7.0
2019-12-20 07:20:13.351,98.455,12.0
2019-12-20 07:20:23.370,98.455,2.0
2019-12-20 07:20:23.382,98.455,16.0
2019-12-20 07:20:24.432,98.455,18.0
2019-12-20 07:20:25.532,98.455,18.0
2019-12-20 07:20:25.562,98.455,18.0
2019-12-20 07:20:26.831,98.455,18.0
2019-12-20 07:20:39.831,98.455,5.0
2019-12-20 07:20:53.031,98.455,4.0
2019-12-20 07:21:05.748,98.455,4.0
2019-12-20 07:21:37.530,98.455,24.0
2019-12-20 07:21:37.540,98.455,1.0
2019-12-20 07:21:37.540,98.455,4.0
2019-12-20 07:21:37.540,98.455,4.0
2019-12-20 07:21:37.540,98.455,4.0
2019-12-20 07:21:37.540,98.455,4.0
2019-12-20 07:21:37.542,98.455,4.0
2019-12-20 07:21:37.542,98.455,4.0
2019-12-20 07:21:37.542,98.455,2.0
2019-12-20 07:21:38.631,98.455,16.0
2019-12-20 07:22:10.042,98.455,22.0
2019-12-20 07:22:43.690,98.455,22.0
2019-12-20 07:22:59.971,98.455,3.0
2019-12-20 07:23:14.631,98.455,4.0
2019-12-20 07:23:26.119,98.455,4.0
2019-12-20 07:23:39.829,98.455,4.0
2019-12-20 07:23:53.479,98.455,4.0
2019-12-20 07:24:10.339,98.455,4.0
2019-12-20 07:24:26.009,98.455,4.0
2019-12-20 07:24:40.768,98.455,4.0
2019-12-20 07:24:53.638,98.455,4.0
2019-12-20 07:25:09.467,98.455,4.0
2019-12-20 07:25:22.220,98.455,4.0
2019-12-20 07:25:38.789,98.455,4.0
2019-12-20 07:25:38.789,98.455,2.0
2019-12-20 07:25:38.799,98.455,3.0
2019-12-20 07:25:38.858,98.455,3.0
2019-12-20 07:25:48.277,98.455,4.0
2019-12-20 07:26:02.437,98.455,4.0
2019-12-20 07:26:16.827,98.455,4.0
2019-12-20 07:26:31.815,98.455,4.0
2019-12-20 07:26:57.326,98.455,22.0
2019-12-20 07:27:26.964,98.455,21.0
2019-12-20 07:27:52.875,98.455,21.0
2019-12-20 07:28:22.804,98.455,21.0
2019-12-20 07:28:57.824,98.455,21.0
2019-12-20 07:29:14.634,98.455,6.0
2019-12-20 07:29:50.262,98.455,22.0
2019-12-20 07:30:25.742,98.455,21.0
2019-12-20 07:31:53.798,98.455,21.0
2019-12-20 07:32:34.248,98.455,21.0
2019-12-20 07:33:03.489,98.455,21.0
2019-12-20 07:33:30.889,98.455,13.0
2019-12-20 07:34:09.368,98.455,2.0
2019-12-20 07:34:09.396,98.455,16.0
2019-12-20 07:34:10.418,98.455,18.0
2019-12-20 07:34:10.448,98.455,18.0
2019-12-20 07:34:43.987,98.455,18.0
2019-12-20 07:34:44.018,98.455,12.0
2019-12-20 07:35:12.619,98.455,5.0
2019-12-20 07:35:12.619,98.455,4.0
2019-12-20 07:35:12.619,98.455,3.0
2019-12-20 07:35:12.627,98.455,4.0
2019-12-20 07:35:12.627,98.455,4.0
2019-12-20 07:35:12.627,98.455,4.0
2019-12-20 07:35:12.627,98.455,4.0
2019-12-20 07:35:12.627,98.455,4.0
2019-12-20 07:35:12.627,98.455,4.0
2019-12-20 07:35:12.627,98.455,4.0
2019-12-20 07:35:12.627,98.455,4.0
2019-12-20 07:35:12.627,98.455,4.0
2019-12-20 07:35:12.627,98.455,4.0
2019-12-20 07:35:12.629,98.455,4.0
2019-12-20 07:35:12.629,98.455,3.0
2019-12-20 07:35:12.647,98.455,1.0
2019-12-20 07:35:12.648,98.455,4.0
2019-12-20 07:35:12.648,98.455,4.0
2019-12-20 07:35:12.648,98.455,4.0
2019-12-20 07:35:16.207,98.455,3.0
2019-12-20 07:35:16.207,98.455,4.0
2019-12-20 07:35:16.207,98.455,2.0
2019-12-20 07:35:16.207,98.455,1.0
2019-12-20 07:35:16.207,98.455,2.0
2019-12-20 07:35:16.217,98.455,4.0
2019-12-20 07:35:16.219,98.455,4.0
2019-12-20 07:35:16.219,98.455,4.0
2019-12-20 07:35:16.219,98.455,4.0
2019-12-20 07:35:16.219,98.455,4.0
2019-12-20 07:35:16.219,98.455,4.0
2019-12-20 07:35:17.227,98.455,5.0
2019-12-20 07:35:25.308,98.455,7.0
2019-12-20 07:36:03.348,98.455,7.0
2019-12-20 07:37:12.938,98.455,5.0
2019-12-20 07:37:12.938,98.455,3.0
2019-12-20 07:37:20.527,98.455,3.0
2019-12-20 07:37:20.539,98.455,2.0
2019-12-20 07:37:23.936,98.455,2.0
2019-12-20 07:37:23.938,98.455,2.0
2019-12-20 07:37:52.928,98.455,4.0
2019-12-20 07:38:17.327,98.455,4.0
2019-12-20 07:38:49.527,98.455,4.0
2019-12-20 07:39:19.336,98.455,4.0
2019-12-20 07:39:47.737,98.455,4.0
2019-12-20 07:40:12.185,98.455,4.0
2019-12-20 07:40:43.086,98.455,4.0
2019-12-20 07:41:14.065,98.455,4.0
2019-12-20 07:53:18.146,98.455,152.0
2019-12-20 07:53:18.185,98.455,12.0
2019-12-20 07:53:18.237,98.455,6.0
2019-12-20 07:53:18.245,98.455,3.0
2019-12-20 07:54:28.544,98.455,4.0
2019-12-20 07:54:28.544,98.455,26.0
2019-12-20 07:54:28.544,98.455,3.0
2019-12-20 07:54:28.546,98.455,26.0
2019-12-20 07:54:28.606,98.455,2.0
2019-12-20 07:54:47.686,98.455,3.0
2019-12-20 07:55:09.675,98.455,3.0
2019-12-20 07:55:30.742,98.455,3.0
2019-12-20 07:55:30.744,98.455,11.0
2019-12-20 07:55:33.655,,15.0
2019-12-20 07:59:36.302,98.455,15.0
2019-12-20 07:59:36.304,98.455,9.0
2019-12-20 08:26:46.420,,1.0
2019-12-20 08:26:46.420,,1.0
2019-12-20 08:27:08.130,,3.0
2019-12-20 08:27:08.210,,3.0
2019-12-20 08:29:20.130,98.45,82.0
2019-12-20 08:30:03.380,98.45,9.0
2019-12-20 08:31:05.217,98.455,7.0
2019-12-20 08:31:05.367,98.455,6.0
2019-12-20 08:31:07.008,98.455,6.0
2019-12-20 08:31:07.027,98.455,6.0
2019-12-20 08:31:07.049,98.455,13.0
2019-12-20 08:31:10.168,98.455,6.0
2019-12-20 08:31:10.199,98.455,6.0
2019-12-20 08:31:10.207,98.455,12.0
2019-12-20 08:32:29.768,98.45,400.0
2019-12-20 08:32:29.788,98.45,43.0
2019-12-20 08:32:29.788,,3.0
2019-12-20 08:32:29.818,,7.0
2019-12-20 08:32:29.848,,1.0
2019-12-20 08:32:30.807,,2.0
2019-12-20 08:32:30.847,,3.0
2019-12-20 08:34:17.257,,1.0
2019-12-20 08:34:17.287,,1.0
2019-12-20 08:35:08.196,,1.0
2019-12-20 08:46:17.802,98.455,1.0
2019-12-20 08:46:17.802,98.455,1.0
2019-12-20 08:46:17.802,98.455,1.0
2019-12-20 08:46:17.802,98.455,2.0
2019-12-20 08:46:17.802,98.455,1.0
2019-12-20 08:46:17.802,98.455,1.0
2019-12-20 08:46:17.802,98.455,1.0
2019-12-20 08:46:17.804,98.455,2.0
2019-12-20 08:46:17.804,98.455,1.0
2019-12-20 08:46:17.804,98.455,1.0
2019-12-20 08:46:17.842,98.455,7.0
2019-12-20 08:46:17.842,98.455,5.0
2019-12-20 08:55:59.997,98.455,1.0
2019-12-20 08:56:00.005,98.455,6.0
2019-12-20 09:07:07.475,98.455,7.0
2019-12-20 09:07:07.485,98.455,1.0
2019-12-20 09:07:07.605,98.455,1.0
2019-12-20 09:11:21.677,98.455,1.0
2019-12-20 09:11:21.679,98.455,8.0
2019-12-20 09:11:21.807,98.455,3.0
2019-12-20 09:11:21.809,98.455,10.0
2019-12-20 09:11:21.809,98.455,49.0
2019-12-20 09:55:02.695,,1.0
2019-12-20 10:00:32.046,98.455,18.0
2019-12-20 10:00:32.096,98.455,1.0
2019-12-20 10:42:46.019,98.455,1.0
2019-12-20 11:04:20.026,98.455,2.0
2019-12-20 11:25:54.305,,5.0
2019-12-20 11:49:08.214,,1.0
2019-12-20 11:50:28.914,,9.0
2019-12-20 11:59:30.793,,15.0
2019-12-20 12:02:48.112,,1.0
2019-12-20 12:08:05.613,,3.0
2019-12-20 12:08:55.542,,2.0
2019-12-20 12:09:02.082,,3.0
2019-12-20 12:18:42.439,98.455,16.0
2019-12-20 12:18:42.447,98.455,1.0
2019-12-20 12:18:42.459,98.455,30.0
2019-12-20 12:18:46.779,98.455,28.0
2019-12-20 12:18:46.799,98.455,3.0
2019-12-20 12:18:46.849,98.455,19.0
2019-12-20 12:23:50.626,98.455,58.0
2019-12-20 12:23:50.626,98.455,2.0
2019-12-20 12:26:07.195,98.455,58.0
2019-12-20 12:26:07.205,98.455,1.0
2019-12-20 12:26:07.205,98.455,1.0
2019-12-20 12:26:45.725,98.455,2.0
2019-12-20 12:27:23.303,98.455,2.0
2019-12-20 12:27:23.453,98.455,1.0
2019-12-20 12:27:45.584,98.455,6.0
2019-12-20 12:34:39.485,98.455,6.0
2019-12-20 12:34:39.626,98.455,5.0
2019-12-20 12:34:39.736,98.455,2.0
2019-12-20 12:34:45.065,98.455,1.0
2019-12-20 12:34:45.065,98.455,1.0
2019-12-20 12:34:47.945,98.455,29.0
2019-12-20 12:36:21.345,98.455,82.0
2019-12-20 12:36:23.773,98.455,31.0
2019-12-20 12:36:23.925,98.455,136.0
2019-12-20 12:36:24.025,98.455,27.0
2019-12-20 12:36:26.215,98.455,1.0
2019-12-20 12:36:26.575,98.455,6.0
2019-12-20 12:36:26.583,98.455,1.0
2019-12-20 12:36:26.593,98.455,51.0
2019-12-20 12:36:26.593,98.455,15.0
2019-12-20 12:36:26.593,98.455,4.0
2019-12-20 12:36:26.593,98.455,10.0
2019-12-20 12:36:26.593,98.455,1.0
2019-12-20 12:36:26.593,,1.0
2019-12-20 12:36:26.723,98.455,27.0
2019-12-20 12:36:26.895,98.455,17.0
2019-12-20 12:36:27.984,98.455,22.0
2019-12-20 12:36:27.993,98.455,1.0
2019-12-20 12:36:27.993,98.455,1.0
2019-12-20 12:36:28.003,98.455,1.0
2019-12-20 12:36:28.003,98.455,1.0
2019-12-20 12:36:28.003,98.455,1.0
2019-12-20 12:36:28.003,98.455,1.0
2019-12-20 12:36:28.003,98.455,17.0
2019-12-20 12:36:28.005,98.455,14.0
2019-12-20 12:36:28.005,98.455,6.0
2019-12-20 12:36:28.005,98.455,2.0
2019-12-20 12:36:28.005,98.455,52.0
2019-12-20 12:36:28.013,98.455,2.0
2019-12-20 12:36:28.013,98.455,2.0
2019-12-20 12:36:28.013,98.455,2.0
2019-12-20 12:36:28.015,98.455,2.0
2019-12-20 12:36:28.015,98.455,19.0
2019-12-20 12:36:28.015,98.455,60.0
2019-12-20 12:36:28.023,98.455,1.0
2019-12-20 12:36:28.023,98.455,2.0
2019-12-20 12:36:28.023,98.455,1.0
2019-12-20 12:36:28.023,98.455,1.0
2019-12-20 12:36:28.023,98.455,1.0
2019-12-20 12:36:28.023,98.455,1.0
2019-12-20 12:36:28.023,98.455,1.0
2019-12-20 12:36:28.023,98.455,1.0
2019-12-20 12:36:28.025,98.455,9.0
2019-12-20 12:36:28.025,,1.0
2019-12-20 12:36:28.025,98.455,2.0
2019-12-20 12:36:28.025,98.455,1.0
2019-12-20 12:36:28.033,98.455,62.0
2019-12-20 12:36:28.033,98.455,20.0
2019-12-20 12:36:28.033,98.455,10.0
2019-12-20 12:36:28.035,98.455,10.0
2019-12-20 12:36:28.043,98.455,89.0
2019-12-20 12:36:28.043,98.455,1.0
2019-12-20 12:36:28.043,98.455,5.0
2019-12-20 12:36:28.043,98.455,4.0
2019-12-20 12:36:28.045,98.455,24.0
2019-12-20 12:36:28.045,98.455,3.0
2019-12-20 12:36:28.053,98.455,72.0
2019-12-20 12:36:28.053,98.455,12.0
2019-12-20 12:36:28.053,98.455,3.0
2019-12-20 12:36:28.055,98.455,64.0
2019-12-20 12:36:28.055,98.455,23.0
2019-12-20 12:37:28.964,98.46,1.0
2019-12-20 12:51:34.855,98.46,15.0
2019-12-20 12:51:34.856,98.46,60.0
2019-12-20 12:51:34.856,98.46,60.0
2019-12-20 12:51:34.865,98.46,130.0
2019-12-20 12:51:34.865,98.46,13.0
2019-12-20 12:51:34.865,98.46,1.0
2019-12-20 12:51:34.865,98.46,6.0
2019-12-20 12:51:34.865,98.46,3.0
2019-12-20 12:51:34.865,98.46,1.0
2019-12-20 12:51:34.865,98.46,11.0
2019-12-20 12:51:34.865,98.46,15.0
2019-12-20 12:51:34.867,98.46,60.0
2019-12-20 12:51:34.867,98.46,3.0
2019-12-20 13:06:46.844,98.455,1.0
2019-12-20 13:06:46.844,98.455,1.0
2019-12-20 13:06:46.844,98.455,1.0
2019-12-20 13:06:46.844,98.455,1.0
2019-12-20 13:06:47.516,98.455,1.0
2019-12-20 13:07:44.778,98.455,1.0
2019-12-20 13:07:46.278,98.455,1.0
2019-12-20 13:09:48.298,98.455,1.0
2019-12-20 13:09:48.797,98.455,1.0
2019-12-20 13:16:07.748,98.46,1.0
2019-12-20 13:18:30.488,,3.0
2019-12-20 13:18:30.513,,1.0
2019-12-20 13:18:30.692,,1.0
2019-12-20 13:18:30.718,,6.0
2019-12-20 13:18:30.750,,1.0
2019-12-20 13:24:38.743,98.46,1.0
2019-12-20 13:28:30.354,98.455,4.0
2019-12-20 13:28:37.186,98.46,5.0
2019-12-20 13:29:02.486,98.46,18.0
2019-12-20 13:29:05.216,98.46,6.0
2019-12-20 13:29:19.624,98.46,2.0
2019-12-20 13:29:51.836,,9.0
2019-12-20 13:29:51.836,,77.0
2019-12-20 13:29:51.836,,14.0
2019-12-20 13:39:18.806,98.455,1.0
2019-12-20 13:56:15.120,98.455,1.0
2019-12-20 14:02:42.953,98.455,6.0
2019-12-20 14:05:04.942,,552.0
2019-12-20 14:05:04.952,,1.0
2019-12-20 14:05:19.892,,10.0
2019-12-20 14:05:31.982,,50.0
2019-12-20 14:05:34.580,,20.0
2019-12-20 14:05:34.591,,39.0
2019-12-20 14:05:37.501,,3.0
2019-12-20 14:05:37.622,,7.0
2019-12-20 14:05:40.873,,5.0
2019-12-20 14:05:45.353,,21.0
2019-12-20 14:05:48.400,,22.0
2019-12-20 14:05:48.410,,1.0
2019-12-20 14:05:48.410,,21.0
2019-12-20 14:05:48.410,,1.0
2019-12-20 14:05:49.501,,1.0
2019-12-20 14:05:49.671,,9.0
2019-12-20 14:05:51.032,,20.0
2019-12-20 14:05:51.492,,10.0
2019-12-20 14:05:51.682,,12.0
2019-12-20 14:05:51.692,,10.0
2019-12-20 14:05:51.942,,12.0
2019-12-20 14:05:51.942,,10.0
2019-12-20 14:05:52.382,,10.0
2019-12-20 14:05:53.811,,1.0
2019-12-20 14:06:35.811,,49.0
2019-12-20 14:06:36.041,,1.0
2019-12-20 14:06:47.672,,10.0
2019-12-20 14:06:47.902,,10.0
2019-12-20 14:06:48.144,,40.0
2019-12-20 14:06:52.963,,10.0
2019-12-20 14:06:53.213,,90.0
2019-12-20 14:06:55.422,,10.0
2019-12-20 14:11:39.500,,20.0
2019-12-20 14:11:39.500,,80.0
2019-12-20 14:12:00.931,,10.0
2019-12-20 14:12:16.770,,11.0
2019-12-20 14:13:50.443,,20.0
2019-12-20 14:13:55.293,,10.0
2019-12-20 14:19:52.607,98.46,18.0
2019-12-20 14:32:50.342,98.455,300.0
2019-12-20 14:48:48.098,98.46,1.0
2019-12-20 14:48:48.120,98.46,1.0
2019-12-20 14:48:48.120,98.46,1.0
2019-12-20 14:59:04.201,,2.0
2019-12-20 15:05:02.421,98.455,2.0
2019-12-20 15:05:48.592,,50.0
2019-12-20 15:06:03.994,98.455,4.0
2019-12-20 15:06:04.004,98.455,4.0
2019-12-20 15:08:03.463,98.455,10.0
2019-12-20 15:11:12.192,98.455,1.0
2019-12-20 15:11:12.706,98.455,1.0
2019-12-20 15:11:13.221,98.455,1.0
2019-12-20 15:11:13.713,98.455,1.0
2019-12-20 15:11:13.743,98.455,1.0
2019-12-20 15:11:14.253,98.455,1.0
2019-12-20 15:11:14.735,98.455,1.0
2019-12-20 15:11:15.263,98.455,1.0
2019-12-20 15:11:15.751,98.455,1.0
2019-12-20 15:11:15.784,98.455,1.0
2019-12-20 15:11:16.293,98.455,1.0
2019-12-20 15:11:16.772,98.455,1.0
2019-12-20 15:11:17.292,98.455,1.0
2019-12-20 15:11:17.805,98.455,1.0
2019-12-20 15:14:50.296,,7.0
2019-12-20 15:15:45.985,98.455,3.0
2019-12-20 15:15:45.985,,1.0
2019-12-20 15:15:47.233,98.455,1.0
2019-12-20 15:15:47.235,,1.0
2019-12-20 15:15:47.235,98.455,1.0
2019-12-20 15:15:47.235,,1.0
2019-12-20 15:15:47.243,,1.0
2019-12-20 15:15:55.299,,5.0
2019-12-20 15:15:55.309,98.455,3.0
2019-12-20 15:16:21.516,,1.0
2019-12-20 15:17:32.799,,1.0
2019-12-20 15:17:32.819,,6.0
2019-12-20 15:17:33.080,,1.0
2019-12-20 15:17:33.080,,1.0
2019-12-20 15:17:35.101,,6.0
2019-12-20 15:17:37.125,,3.0
2019-12-20 15:17:37.732,,1.0
2019-12-20 15:17:37.750,,6.0
2019-12-20 15:17:37.872,,1.0
2019-12-20 15:17:37.900,,1.0
2019-12-20 15:17:37.900,98.455,2.0
2019-12-20 15:17:37.900,,1.0
2019-12-20 15:17:37.912,98.455,2.0
2019-12-20 15:17:37.912,,2.0
2019-12-20 15:17:37.924,98.455,2.0
2019-12-20 15:17:37.924,,1.0
2019-12-20 15:17:37.972,98.455,3.0
2019-12-20 15:17:37.972,,2.0
2019-12-20 15:17:38.000,,1.0
2019-12-20 15:17:38.042,98.455,2.0
2019-12-20 15:17:38.042,,1.0
2019-12-20 15:17:38.732,98.455,3.0
2019-12-20 15:17:38.732,,2.0
2019-12-20 15:17:38.752,,1.0
2019-12-20 15:17:38.754,98.455,1.0
2019-12-20 15:17:38.754,,1.0
2019-12-20 15:17:38.772,98.455,1.0
2019-12-20 15:17:38.772,,1.0
2019-12-20 15:17:38.790,98.455,3.0
2019-12-20 15:17:38.790,,2.0
2019-12-20 15:17:43.174,98.455,1.0
2019-12-20 15:17:43.175,,1.0
2019-12-20 15:17:43.175,,1.0
2019-12-20 15:17:45.187,98.455,6.0
2019-12-20 15:17:45.187,,2.0
2019-12-20 15:17:51.918,98.46,1.0
2019-12-20 15:17:51.918,98.46,1.0
2019-12-20 15:17:51.918,98.46,3.0
2019-12-20 15:17:51.918,98.46,2.0
2019-12-20 15:17:51.918,98.46,1.0
2019-12-20 15:18:12.767,98.46,13.0
2019-12-20 15:18:56.679,98.46,5.0
2019-12-20 15:18:56.691,,110.0
2019-12-20 15:18:56.751,98.46,6.0
2019-12-20 15:19:25.465,,273.0
2019-12-20 15:19:25.475,,27.0
2019-12-20 15:19:25.475,,1.0
2019-12-20 15:20:49.276,,1.0
2019-12-20 15:20:49.286,,298.0
2019-12-20 15:20:49.294,,52.0
2019-12-20 15:20:49.584,98.46,1.0
2019-12-20 15:20:49.586,98.46,1.0
2019-12-20 15:21:01.879,98.46,18.0
2019-12-20 15:21:23.257,,3.0
2019-12-20 15:23:52.754,,2.0
2019-12-20 15:23:52.766,,1.0
2019-12-20 15:23:53.447,,4.0
2019-12-20 15:23:53.497,,2.0
2019-12-20 15:23:53.519,,4.0
2019-12-20 15:23:53.715,98.46,9.0
2019-12-20 15:25:55.047,98.46,231.0
2019-12-20 15:26:30.988,98.46,1.0
2019-12-20 15:26:30.990,98.46,1.0
2019-12-20 15:26:43.636,98.46,10.0
2019-12-20 15:26:46.617,98.46,10.0
2019-12-20 15:27:56.229,98.46,35.0
2019-12-20 15:27:56.229,98.46,10.0
2019-12-20 15:27:56.229,98.46,1.0
2019-12-20 15:27:56.231,98.46,1.0
2019-12-20 15:27:56.231,98.46,1.0
2019-12-20 15:27:56.231,,1.0
2019-12-20 15:27:56.241,98.46,241.0
2019-12-20 15:27:56.341,98.46,3.0
2019-12-20 15:27:56.341,98.46,72.0
2019-12-20 15:27:57.741,98.46,1.0
2019-12-20 15:28:39.589,98.46,10.0
2019-12-20 15:28:39.699,98.46,10.0
2019-12-20 15:28:39.709,98.46,91.0
2019-12-20 15:28:39.717,98.46,10.0
2019-12-20 15:28:39.719,98.46,4.0
2019-12-20 15:30:30.963,98.46,29.0
2019-12-20 15:30:30.981,98.46,8.0
2019-12-20 15:30:30.981,98.46,13.0
2019-12-20 15:30:40.665,,34.0
2019-12-20 15:30:40.865,,16.0
2019-12-20 15:30:57.794,,10.0
2019-12-20 15:31:16.769,98.46,1.0
2019-12-20 15:31:41.142,,30.0
2019-12-20 15:32:26.548,,12.0
2019-12-20 15:32:46.097,,10.0
2019-12-20 15:39:56.419,,1.0
2019-12-20 15:39:56.427,,4.0
2019-12-20 15:41:50.006,,2.0
2019-12-20 15:42:37.491,,8.0
2019-12-20 15:42:38.405,98.46,356.0
2019-12-20 15:42:38.445,98.46,149.0
2019-12-20 15:42:38.445,98.46,25.0
2019-12-20 15:42:38.453,98.46,16.0
2019-12-20 15:42:38.453,98.46,333.0
2019-12-20 15:42:38.463,98.46,356.0
2019-12-20 15:42:38.463,98.46,233.0
2019-12-20 15:42:38.463,98.46,2.0
2019-12-20 15:42:38.463,98.46,75.0
2019-12-20 15:42:38.483,98.46,10.0
2019-12-20 15:42:38.483,98.46,16.0
2019-12-20 15:42:38.483,98.46,411.0
2019-12-20 15:42:38.483,98.46,33.0
2019-12-20 15:42:38.483,98.46,30.0
2019-12-20 15:42:38.483,98.46,20.0
2019-12-20 15:42:38.483,98.46,88.0
2019-12-20 15:42:38.483,98.46,8.0
2019-12-20 15:42:38.483,98.46,10.0
2019-12-20 15:42:38.493,98.46,10.0
2019-12-20 15:42:38.493,98.46,2.0
2019-12-20 15:42:38.493,98.46,79.0
2019-12-20 15:42:38.493,98.46,10.0
2019-12-20 15:42:38.493,98.46,1.0
2019-12-20 15:42:38.493,98.46,15.0
2019-12-20 15:42:38.495,98.46,1.0
2019-12-20 15:42:38.503,98.46,10.0
2019-12-20 15:42:38.503,98.46,2.0
2019-12-20 15:42:38.505,98.46,10.0
2019-12-20 15:42:38.505,98.46,2.0
2019-12-20 15:42:38.513,98.46,24.0
2019-12-20 15:42:38.513,98.46,1.0
2019-12-20 15:42:38.513,98.46,2.0
2019-12-20 15:42:38.513,98.46,1.0
2019-12-20 15:42:38.513,98.46,1.0
2019-12-20 15:42:38.515,98.46,1.0
2019-12-20 15:42:38.523,98.46,85.0
2019-12-20 15:43:02.289,98.46,51.0
2019-12-20 15:43:02.418,98.46,11.0
2019-12-20 15:43:43.813,98.46,56.0
2019-12-20 15:45:12.457,,12.0
2019-12-20 15:45:28.837,98.46,20.0
2019-12-20 15:45:28.845,98.46,40.0
2019-12-20 15:46:21.807,98.46,4.0
2019-12-20 15:46:21.809,98.455,4.0
2019-12-20 15:46:57.090,,10.0
2019-12-20 15:49:31.506,98.46,30.0
2019-12-20 15:50:49.501,,8.0
2019-12-20 15:50:49.501,,2.0
2019-12-20 15:51:06.419,,7.0
2019-12-20 15:51:11.581,,3.0
2019-12-20 15:51:12.039,,3.0
2019-12-20 15:51:12.149,,7.0
2019-12-20 15:51:14.781,,10.0
2019-12-20 15:51:45.239,98.46,15.0
2019-12-20 15:51:57.291,,6.0
2019-12-20 15:51:57.292,98.46,10.0
2019-12-20 15:51:57.312,98.46,90.0
2019-12-20 15:53:01.914,,4.0
2019-12-20 16:05:28.772,,3.0
2019-12-20 16:10:07.949,,1.0
2019-12-20 16:37:38.733,,4.0
2019-12-20 16:37:38.733,,2.0
2019-12-20 16:37:38.751,,1.0
2019-12-20 16:41:22.230,,2.0
2019-12-20 16:41:31.332,98.46,200.0
2019-12-20 16:41:34.474,98.46,373.0
2019-12-20 16:41:34.482,98.46,1.0
2019-12-20 16:41:40.139,98.46,105.0
2019-12-20 16:54:14.211,98.46,175.0
2019-12-20 16:58:43.240,98.46,400.0
2019-12-20 16:59:55.176,,1.0
2019-12-20 17:09:12.762,,2.0
2019-12-20 17:11:01.057,98.46,4.0
2019-12-20 17:32:01.228,98.46,52.0
2019-12-20 17:32:01.236,98.46,1.0
2019-12-20 17:32:01.238,98.46,125.0
2019-12-20 17:32:01.246,98.46,260.0
2019-12-20 17:32:01.248,98.46,10.0
2019-12-20 17:32:01.248,98.46,10.0
2019-12-20 17:32:20.569,98.46,10.0
2019-12-20 17:32:30.559,98.46,10.0
2019-12-20 17:32:38.120,98.46,10.0
2019-12-20 17:32:41.960,98.46,10.0
2019-12-20 17:33:54.196,,15.0
2019-12-20 17:45:56.396,98.46,1.0
2019-12-20 17:47:27.618,,18.0
2019-12-20 17:47:27.748,,15.0
2019-12-20 17:49:28.674,98.46,340.0
2019-12-20 17:49:28.694,98.46,225.0
2019-12-20 17:49:28.694,98.46,188.0
2019-12-20 17:49:28.704,98.46,63.0
2019-12-20 17:51:36.774,98.46,1.0
2019-12-20 17:51:37.525,98.46,1.0
2019-12-20 17:52:42.436,,5.0
2019-12-20 17:52:42.445,,4.0
2019-12-20 17:52:42.445,,4.0
2019-12-20 17:52:42.445,,14.0
2019-12-20 17:52:42.476,,27.0
2019-12-20 17:52:58.385,,9.0
2019-12-20 17:53:50.810,,7.0
2019-12-20 17:54:34.192,,2.0
2019-12-20 17:54:35.452,98.46,2.0
2019-12-20 18:21:21.466,,12.0
2019-12-20 18:52:29.746,98.46,1.0
2019-12-20 19:53:32.804,,12.0
2019-12-20 19:54:48.348,,10.0
2019-12-20 19:57:01.723,,10.0
2019-12-20 19:58:11.969,,10.0
2019-12-20 20:00:00.154,,3.0
2019-12-20 20:11:48.882,98.455,3.0
2019-12-20 20:11:49.032,,1.0
2019-12-20 20:11:55.991,98.455,3.0
2019-12-20 20:11:56.003,98.455,3.0
2019-12-20 20:12:07.673,,11.0
2019-12-20 20:42:03.967,98.455,4.0
2019-12-20 20:42:04.005,98.455,2.0
2019-12-20 20:42:04.005,98.455,2.0
2019-12-20 20:42:04.005,98.455,2.0
2019-12-20 20:42:04.005,98.455,7.0
2019-12-20 20:42:04.005,98.455,8.0
2019-12-20 20:42:04.007,98.455,4.0
2019-12-20 20:42:04.017,98.455,2.0
2019-12-20 20:42:04.017,98.455,1.0
2019-12-20 20:42:04.025,98.455,1.0
2019-12-20 20:42:04.025,98.455,2.0
2019-12-20 20:42:04.025,98.455,2.0
2019-12-20 20:42:04.025,98.455,1.0
2019-12-20 20:42:04.027,98.455,5.0
2019-12-20 20:42:04.027,98.455,5.0
2019-12-20 20:42:04.027,98.455,4.0
2019-12-20 20:42:04.065,98.455,15.0
2019-12-20 20:42:04.079,,1.0
2019-12-20 20:42:04.107,98.455,10.0
2019-12-20 20:42:04.129,98.455,10.0
2019-12-20 20:42:04.139,,7.0
2019-12-20 20:42:04.139,,10.0
2019-12-20 20:42:04.186,,2.0
2019-12-20 20:45:16.182,,1.0
2019-12-20 20:45:16.182,,1.0
2019-12-20 20:45:16.362,,3.0
2019-12-20 20:45:16.762,,4.0
2019-12-20 20:45:16.774,,1.0
2019-12-20 20:45:20.203,,1.0
2019-12-20 20:45:20.217,,3.0
2019-12-20 20:45:20.217,,1.0
2019-12-20 20:45:21.636,,1.0
2019-12-20 20:45:32.514,,1.0
2019-12-20 20:45:40.539,,1.0
2019-12-20 20:45:40.579,,1.0
2019-12-20 20:45:40.752,,1.0
2019-12-20 20:45:55.344,,1.0
2019-12-20 20:48:53.940,98.455,2.0
2019-12-20 20:49:05.397,98.455,120.0
2019-12-20 20:49:05.397,98.455,80.0
2019-12-20 20:49:05.397,,1.0
2019-12-20 20:49:11.830,,2.0
2019-12-20 20:49:11.851,,1.0
2019-12-20 20:49:11.851,,1.0
2019-12-20 20:49:11.851,,4.0
2019-12-20 20:50:18.483,98.455,95.0
2019-12-20 20:50:18.483,98.455,177.0
2019-12-20 20:50:18.484,98.455,10.0
2019-12-20 20:50:20.866,98.455,10.0
2019-12-20 20:50:20.886,98.455,3.0
2019-12-20 20:50:21.536,,1.0
2019-12-20 20:50:21.725,98.455,3.0
2019-12-20 20:50:21.737,98.455,87.0
2019-12-20 20:50:30.703,,2.0
2019-12-20 20:50:43.255,,1.0
2019-12-20 20:51:07.013,98.455,10.0
2019-12-20 20:51:07.025,98.455,151.0
2019-12-20 20:51:07.025,98.455,10.0
2019-12-20 20:51:12.664,98.455,4.0
2019-12-20 20:51:21.159,98.455,1.0
2019-12-20 20:52:04.583,98.455,361.0
2019-12-20 20:52:04.585,98.455,2.0
2019-12-20 20:52:04.585,98.455,23.0
2019-12-20 20:52:04.593,98.455,54.0
2019-12-20 20:52:04.593,98.455,2.0
2019-12-20 20:52:04.593,98.455,19.0
2019-12-20 20:52:04.595,98.455,2.0
2019-12-20 20:52:04.595,98.455,5.0
2019-12-20 20:52:04.613,98.455,6.0
2019-12-20 20:52:04.724,98.455,4.0
2019-12-20 20:52:04.775,98.455,6.0
2019-12-20 20:52:04.825,98.455,4.0
2019-12-20 20:52:04.875,98.455,6.0
2019-12-20 20:52:04.984,98.455,4.0
2019-12-20 20:52:05.273,98.455,6.0
2019-12-20 20:52:05.615,98.455,4.0
2019-12-20 20:52:05.634,98.455,6.0
2019-12-20 20:52:05.726,98.455,4.0
2019-12-20 20:52:05.824,98.455,6.0
2019-12-20 20:52:05.875,98.455,5.0
2019-12-20 20:52:06.016,98.455,4.0
2019-12-20 20:52:07.025,98.455,6.0
2019-12-20 20:52:07.095,98.455,4.0
2019-12-20 20:52:07.095,98.455,5.0
2019-12-20 20:52:07.097,98.455,5.0
2019-12-20 20:52:07.097,98.455,5.0
2019-12-20 20:52:07.097,98.455,5.0
2019-12-20 20:52:08.125,98.455,6.0
2019-12-20 20:52:14.605,98.455,4.0
2019-12-20 20:52:14.715,98.455,6.0
2019-12-20 20:52:14.817,98.455,4.0
2019-12-20 20:52:15.015,98.455,6.0
2019-12-20 20:52:15.708,98.455,4.0
2019-12-20 20:52:15.818,98.455,6.0
2019-12-20 20:52:15.916,98.455,4.0
2019-12-20 20:52:19.637,98.455,50.0
2019-12-20 20:55:10.574,98.455,22.0
2019-12-20 20:55:10.574,98.455,6.0
2019-12-20 20:55:10.646,98.455,3.0
2019-12-20 20:56:31.168,98.455,5.0
2019-12-20 20:56:31.168,98.455,36.0
2019-12-20 20:56:31.178,98.455,2.0
2019-12-20 20:56:31.178,98.455,21.0
2019-12-20 20:56:31.178,98.455,7.0
2019-12-20 20:56:31.178,98.455,3.0
2019-12-20 20:56:31.180,98.455,3.0
2019-12-20 20:56:31.180,98.455,4.0
2019-12-20 20:56:31.190,98.455,2.0
2019-12-20 21:01:39.943,98.455,472.0
2019-12-20 21:06:13.290,,2.0
2019-12-20 21:10:50.181,98.455,8.0
2019-12-20 21:14:58.993,98.46,10.0
2019-12-20 21:14:59.023,98.455,1.0
2019-12-20 21:33:50.106,98.455,400.0
2019-12-20 21:33:52.406,98.455,390.0
2019-12-20 21:34:26.628,98.455,2.0
2019-12-20 21:34:26.637,98.455,29.0
2019-12-20 21:34:26.768,98.455,4.0
2019-12-20 21:41:14.561,98.455,6.0
2019-12-20 21:47:42.932,98.455,1.0
2019-12-20 21:51:16.647,98.46,1.0
2019-12-20 21:54:11.475,98.455,22.0
2019-12-20 21:56:28.033,98.455,2.0
2019-12-20 21:56:28.033,,28.0
2019-12-20 21:57:39.279,,1.0
2019-12-20 21:57:39.901,98.46,49.0
2019-12-20 21:57:39.901,98.46,11.0
2019-12-20 21:57:39.910,98.46,48.0
2019-12-20 21:57:39.910,98.46,1.0
2019-12-20 21:57:39.910,,1.0
2019-12-20 21:57:59.248,98.455,1.0
2019-12-20 21:59:49.108,,1.0
2019-12-22 23:00:01.470,98.455,17.0
2019-12-22 23:00:01.480,98.455,9.0
2019-12-22 23:00:03.428,,21.0
2019-12-22 23:00:07.467,,21.0
2019-12-23 01:03:28.686,98.455,29.0
2019-12-23 01:19:42.831,,9.0
2019-12-23 02:04:16.842,,15.0
2019-12-23 02:05:06.842,,6.0
2019-12-23 02:25:19.270,98.455,13.0
2019-12-23 02:31:05.198,98.455,4.0
2019-12-23 02:31:05.200,98.455,7.0
2019-12-23 02:41:21.354,98.455,1.0
2019-12-23 02:41:21.354,98.455,1.0
2019-12-23 02:41:21.354,98.455,1.0
2019-12-23 02:41:21.356,98.455,1.0
2019-12-23 02:41:21.356,98.455,1.0
2019-12-23 02:41:21.356,98.455,1.0
2019-12-23 06:33:06.895,98.46,46.0
2019-12-23 06:36:48.803,98.46,50.0
2019-12-23 06:37:04.685,98.46,35.0
2019-12-23 07:11:26.910,,30.0
2019-12-23 07:26:44.047,,1.0
2019-12-23 07:30:42.018,,1.0
2019-12-23 07:34:50.956,,1.0
2019-12-23 07:36:55.055,,1.0
2019-12-23 07:39:27.474,,1.0
2019-12-23 07:41:57.244,,1.0
2019-12-23 07:45:26.703,,1.0
2019-12-23 07:55:26.151,,25.0
2019-12-23 07:55:55.011,,5.0
2019-12-23 08:03:10.764,,15.0
2019-12-23 11:10:17.126,98.455,3.0
2019-12-23 11:10:17.126,98.455,2.0
2019-12-23 11:10:17.126,98.455,2.0
2019-12-23 11:10:17.126,98.455,1.0
2019-12-23 11:10:17.126,98.455,1.0
2019-12-23 11:10:17.126,98.455,1.0
2019-12-23 11:10:17.126,98.455,1.0
2019-12-23 11:10:17.126,98.455,1.0
2019-12-23 11:10:17.126,98.455,1.0
2019-12-23 11:10:17.126,98.455,1.0
2019-12-23 11:10:17.126,98.455,1.0
2019-12-23 11:10:17.126,98.455,8.0
2019-12-23 11:10:17.126,98.455,2.0
2019-12-23 11:10:17.126,98.455,3.0
2019-12-23 11:10:17.128,98.455,1.0
2019-12-23 11:10:17.128,98.455,1.0
2019-12-23 11:13:16.060,98.455,2.0
2019-12-23 11:38:00.643,98.455,1.0
2019-12-23 11:38:17.245,98.455,2.0
2019-12-23 11:42:15.056,98.455,2.0
2019-12-23 11:45:56.878,98.455,16.0
2019-12-23 11:54:03.162,98.455,150.0
2019-12-23 11:55:35.913,98.455,2.0
2019-12-23 11:56:39.772,98.455,369.0
2019-12-23 11:56:39.983,98.455,34.0
2019-12-23 11:56:39.983,98.455,5.0
2019-12-23 12:11:36.565,98.455,1.0
2019-12-23 12:13:03.998,98.455,3.0
2019-12-23 12:21:18.718,98.455,86.0
2019-12-23 12:26:10.290,98.455,35.0
2019-12-23 12:31:52.366,98.455,15.0
2019-12-23 12:38:38.951,98.455,28.0
2019-12-23 12:41:50.511,98.455,3.0
2019-12-23 12:41:50.520,98.455,8.0
2019-12-23 12:49:27.818,98.455,47.0
2019-12-23 12:49:27.826,98.455,18.0
2019-12-23 12:49:27.826,98.455,10.0
2019-12-23 12:49:27.838,98.455,1.0
2019-12-23 12:49:27.848,98.455,2.0
2019-12-23 12:49:27.848,98.455,4.0
2019-12-23 12:49:27.858,98.455,1.0
2019-12-23 12:49:27.858,98.455,9.0
2019-12-23 12:49:27.866,98.455,2.0
2019-12-23 12:49:27.868,98.455,30.0
2019-12-23 12:49:27.868,98.455,4.0
2019-12-23 12:49:28.547,98.455,27.0
2019-12-23 13:13:33.799,98.455,6.0
2019-12-23 13:13:33.849,98.455,6.0
2019-12-23 13:28:13.853,98.46,12.0
2019-12-23 13:28:22.072,98.46,14.0
2019-12-23 13:29:10.040,98.455,4.0
2019-12-23 13:29:10.040,98.455,3.0
2019-12-23 13:29:10.040,98.455,25.0
2019-12-23 13:37:42.871,98.455,1.0
2019-12-23 13:51:51.658,98.455,7.0
2019-12-23 13:51:51.666,98.455,64.0
2019-12-23 13:59:41.950,98.455,14.0
2019-12-23 13:59:42.710,98.455,16.0
2019-12-23 13:59:42.718,98.455,275.0
2019-12-23 13:59:42.730,98.455,1.0
2019-12-23 14:02:00.983,98.455,6.0
2019-12-23 14:06:25.887,98.455,29.0
2019-12-23 14:06:29.398,98.455,24.0
2019-12-23 14:06:33.068,98.455,104.0
2019-12-23 14:06:33.138,98.455,30.0
2019-12-23 14:06:33.138,98.455,2.0
2019-12-23 14:06:34.118,98.455,29.0
2019-12-23 14:08:04.378,98.455,24.0
2019-12-23 14:08:04.386,98.455,1.0
2019-12-23 14:08:04.386,98.455,25.0
2019-12-23 14:08:04.388,98.455,10.0
2019-12-23 14:09:01.569,98.455,15.0
2019-12-23 14:09:18.049,98.455,29.0
2019-12-23 14:13:09.459,98.455,25.0
2019-12-23 14:19:00.599,98.455,1.0
2019-12-23 14:19:00.609,98.455,25.0
2019-12-23 14:20:56.184,,5.0
2019-12-23 14:20:56.414,98.455,25.0
2019-12-23 14:33:18.516,98.455,3.0
2019-12-23 14:33:18.532,98.455,1.0
2019-12-23 14:40:50.755,98.455,271.0
2019-12-23 14:40:50.755,98.46,729.0
2019-12-23 14:40:50.765,,5.0
2019-12-23 14:40:50.765,98.455,1.0
2019-12-23 14:40:50.765,,4.0
2019-12-23 14:40:57.598,98.455,760.0
2019-12-23 14:40:57.618,98.455,5.0
2019-12-23 14:40:57.628,98.455,31.0
2019-12-23 14:40:57.628,98.455,4.0
2019-12-23 14:41:29.005,,2.0
2019-12-23 14:41:29.007,,1.0
2019-12-23 14:41:47.174,98.455,28.0
2019-12-23 14:41:47.174,98.455,21.0
2019-12-23 14:41:47.174,98.455,328.0
2019-12-23 14:41:47.176,98.455,2.0
2019-12-23 14:41:47.186,98.455,1.0
2019-12-23 14:41:47.186,98.455,4.0
2019-12-23 14:41:47.194,98.455,3.0
2019-12-23 14:41:47.196,98.455,1.0
2019-12-23 14:41:47.196,98.455,1.0
2019-12-23 14:41:47.196,98.455,2.0
2019-12-23 14:41:47.196,98.455,12.0
2019-12-23 14:41:47.208,98.455,5.0
2019-12-23 14:41:47.236,98.455,8.0
2019-12-23 14:41:47.238,98.455,307.0
2019-12-23 14:41:47.238,98.455,1.0
2019-12-23 14:41:47.256,98.455,3.0
2019-12-23 14:41:47.256,98.455,2.0
2019-12-23 14:41:47.264,98.455,2.0
2019-12-23 14:41:47.264,98.455,1.0
2019-12-23 14:41:47.264,98.455,2.0
2019-12-23 14:41:47.264,98.455,1.0
2019-12-23 14:41:47.264,98.455,2.0
2019-12-23 14:41:47.264,98.455,1.0
2019-12-23 14:41:47.264,98.455,2.0
2019-12-23 14:41:47.274,98.455,2.0
2019-12-23 14:41:47.274,98.455,1.0
2019-12-23 14:41:47.274,98.455,1.0
2019-12-23 14:41:47.274,98.455,1.0
2019-12-23 14:41:47.274,98.455,1.0
2019-12-23 14:41:47.274,98.455,1.0
2019-12-23 14:41:47.284,98.455,6.0
2019-12-23 14:41:47.284,98.455,3.0
2019-12-23 14:41:47.296,98.455,10.0
2019-12-23 14:41:47.296,98.455,10.0
2019-12-23 14:41:50.228,98.455,29.0
2019-12-23 14:42:36.395,98.455,7.0
2019-12-23 14:42:36.415,98.455,2.0
2019-12-23 14:42:42.195,98.455,6.0
2019-12-23 14:42:42.216,98.455,2.0
2019-12-23 14:44:12.935,98.455,2.0
2019-12-23 14:45:08.026,98.455,53.0
2019-12-23 14:45:08.044,98.455,1.0
2019-12-23 14:45:08.044,98.455,13.0
2019-12-23 14:45:20.413,98.455,6.0
2019-12-23 14:45:26.604,,2.0
2019-12-23 14:45:31.186,,2.0
2019-12-23 14:45:33.717,,2.0
2019-12-23 14:46:02.315,,2.0
2019-12-23 14:46:03.475,,2.0
2019-12-23 14:47:54.226,98.455,50.0
2019-12-23 14:47:54.248,98.455,12.0
2019-12-23 14:47:54.248,,2.0
2019-12-23 14:47:54.248,98.455,2.0
2019-12-23 14:47:55.809,98.455,9.0
2019-12-23 14:47:55.809,,5.0
2019-12-23 14:47:55.821,98.455,5.0
2019-12-23 14:47:55.821,,47.0
2019-12-23 14:47:57.651,98.455,3.0
2019-12-23 14:47:57.651,98.455,1.0
2019-12-23 14:47:57.659,98.455,1.0
2019-12-23 14:47:57.659,98.455,1.0
2019-12-23 14:47:57.669,98.455,26.0
2019-12-23 14:47:57.677,98.455,5.0
2019-12-23 14:47:57.677,98.455,4.0
2019-12-23 14:47:57.677,98.455,5.0
2019-12-23 14:47:57.687,98.455,1.0
2019-12-23 14:47:57.687,98.455,13.0
2019-12-23 14:47:57.687,98.455,2.0
2019-12-23 14:47:57.687,98.455,4.0
2019-12-23 14:47:57.687,98.455,1.0
2019-12-23 14:47:57.697,98.455,1.0
2019-12-23 14:47:57.697,98.455,10.0
2019-12-23 14:47:57.697,98.455,1.0
2019-12-23 14:47:57.697,98.455,3.0
2019-12-23 14:47:57.697,98.455,1.0
2019-12-23 14:47:57.697,98.455,8.0
2019-12-23 14:47:57.697,98.455,2.0
2019-12-23 14:47:57.697,98.455,10.0
2019-12-23 14:47:57.697,98.455,1.0
2019-12-23 14:47:57.709,98.455,1.0
2019-12-23 14:47:57.709,98.455,1.0
2019-12-23 14:47:57.717,98.455,6.0
2019-12-23 14:47:57.717,98.455,1.0
2019-12-23 14:47:57.719,98.455,13.0
2019-12-23 14:47:57.719,98.455,2.0
2019-12-23 14:47:57.727,98.455,1.0
2019-12-23 14:47:57.727,98.455,6.0
2019-12-23 14:47:57.741,98.455,10.0
2019-12-23 14:47:57.749,98.455,5.0
2019-12-23 14:47:57.749,98.455,1.0
2019-12-23 14:47:57.749,98.455,1.0
2019-12-23 14:48:21.821,98.455,1.0
2019-12-23 14:48:26.436,98.455,1.0
2019-12-23 14:48:57.254,98.455,1.0
2019-12-23 14:49:06.156,98.455,60.0
2019-12-23 14:49:06.166,98.455,5.0
2019-12-23 14:49:06.168,98.455,1.0
2019-12-23 14:49:06.178,98.455,2.0
2019-12-23 14:49:06.178,98.455,1.0
2019-12-23 14:49:06.186,98.455,15.0
2019-12-23 14:49:06.186,98.455,5.0
2019-12-23 14:49:06.186,98.455,30.0
2019-12-23 14:49:06.186,98.455,1.0
2019-12-23 14:49:06.186,98.455,1.0
2019-12-23 14:49:06.186,98.455,1.0
2019-12-23 14:49:06.198,98.455,1.0
2019-12-23 14:49:06.198,98.455,13.0
2019-12-23 14:49:06.200,98.455,2.0
2019-12-23 14:49:06.200,98.455,2.0
2019-12-23 14:49:10.160,98.455,1.0
2019-12-23 14:49:18.084,98.455,1.0
2019-12-23 14:50:45.291,98.455,1.0
2019-12-23 14:52:10.909,98.455,11.0
2019-12-23 14:52:10.919,98.455,48.0
2019-12-23 14:52:10.919,98.455,5.0
2019-12-23 14:52:10.929,98.455,1.0
2019-12-23 14:52:10.929,98.455,7.0
2019-12-23 14:52:10.929,98.455,1.0
2019-12-23 14:53:52.650,98.455,5.0
2019-12-23 14:53:52.660,98.455,2.0
2019-12-23 14:54:00.767,98.455,6.0
2019-12-23 14:54:00.775,98.455,1.0
2019-12-23 14:54:00.775,98.455,5.0
2019-12-23 14:54:00.785,98.455,2.0
2019-12-23 14:54:00.785,98.455,12.0
2019-12-23 14:54:00.785,98.455,1.0
2019-12-23 14:54:00.785,98.455,1.0
2019-12-23 14:54:00.795,98.455,3.0
2019-12-23 14:54:00.795,98.455,2.0
2019-12-23 14:54:00.795,98.455,6.0
2019-12-23 14:54:00.806,98.455,1.0
2019-12-23 14:54:00.806,98.455,2.0
2019-12-23 14:54:00.816,98.455,6.0
2019-12-23 14:54:00.817,98.455,3.0
2019-12-23 14:54:00.817,98.455,2.0
2019-12-23 14:54:00.825,98.455,5.0
2019-12-23 14:54:00.825,98.455,1.0
2019-12-23 14:54:00.825,98.455,2.0
2019-12-23 14:54:00.825,98.455,3.0
2019-12-23 14:54:00.845,98.455,1.0
2019-12-23 14:54:00.845,98.455,6.0
2019-12-23 14:54:00.845,98.455,1.0
2019-12-23 14:54:00.847,98.455,1.0
2019-12-23 14:54:00.847,98.455,2.0
2019-12-23 14:54:00.847,98.455,1.0
2019-12-23 14:54:00.857,98.455,1.0
2019-12-23 14:54:00.857,98.455,1.0
2019-12-23 14:54:00.866,98.455,3.0
2019-12-23 14:54:00.866,98.455,2.0
2019-12-23 14:54:00.876,98.455,2.0
2019-12-23 14:54:00.876,98.455,14.0
2019-12-23 14:54:00.876,98.455,3.0
2019-12-23 14:54:00.886,98.455,2.0
2019-12-23 14:54:00.886,98.455,1.0
2019-12-23 14:54:00.899,98.455,2.0
2019-12-23 14:54:00.906,98.455,1.0
2019-12-23 14:54:00.906,98.455,2.0
2019-12-23 14:54:00.906,98.455,1.0
2019-12-23 14:54:00.906,98.455,2.0
2019-12-23 14:54:00.907,98.455,1.0
2019-12-23 14:54:00.916,98.455,2.0
2019-12-23 14:54:00.916,98.455,1.0
2019-12-23 14:54:00.916,98.455,1.0
2019-12-23 14:54:00.916,98.455,1.0
2019-12-23 14:54:00.916,98.455,1.0
2019-12-23 14:54:00.916,98.455,1.0
2019-12-23 14:54:00.916,98.455,1.0
2019-12-23 14:54:00.916,98.455,4.0
2019-12-23 14:54:00.917,98.455,1.0
2019-12-23 14:54:00.917,98.455,1.0
2019-12-23 14:54:00.917,98.455,1.0
2019-12-23 14:54:00.929,98.455,1.0
2019-12-23 14:54:00.945,98.455,1.0
2019-12-23 14:54:00.945,98.455,2.0
2019-12-23 14:56:37.396,98.455,11.0
2019-12-23 14:56:37.396,,3.0
2019-12-23 14:56:47.509,98.455,1.0
2019-12-23 14:57:00.367,,4.0
2019-12-23 14:57:05.511,,4.0
2019-12-23 14:57:22.189,,4.0
2019-12-23 14:57:48.809,,14.0
2019-12-23 14:57:49.819,,14.0
2019-12-23 14:58:02.570,98.455,11.0
2019-12-23 14:58:02.578,98.455,3.0
2019-12-23 14:58:50.111,,14.0
2019-12-23 14:59:03.365,98.455,2.0
2019-12-23 14:59:09.656,98.455,1.0
2019-12-23 14:59:31.072,,1.0
2019-12-23 14:59:57.878,98.455,2.0
2019-12-23 15:00:11.228,,14.0
2019-12-23 15:00:16.908,,4.0
2019-12-23 15:00:20.359,,14.0
2019-12-23 15:00:23.899,,4.0
2019-12-23 15:03:26.261,98.455,1.0
2019-12-23 15:03:53.691,98.455,5.0
2019-12-23 15:03:53.691,,9.0
2019-12-23 15:03:54.241,98.455,5.0
2019-12-23 15:03:54.261,98.455,2.0
2019-12-23 15:04:33.505,,2.0
2019-12-23 15:06:07.948,98.455,4.0
2019-12-23 15:06:07.968,98.455,1.0
2019-12-23 15:06:14.841,98.455,1.0
2019-12-23 15:06:14.851,98.455,1.0
2019-12-23 15:06:20.342,98.455,1.0
2019-12-23 15:06:20.362,98.455,1.0
2019-12-23 15:06:20.362,98.455,1.0
2019-12-23 15:06:20.364,98.455,2.0
2019-12-23 15:06:20.364,98.455,1.0
2019-12-23 15:06:25.165,98.455,1.0
2019-12-23 15:09:43.190,98.455,9.0
2019-12-23 15:09:43.196,98.455,1.0
2019-12-23 15:09:43.216,98.455,1.0
2019-12-23 15:14:29.021,98.455,48.0
2019-12-23 15:16:11.101,98.455,500.0
2019-12-23 15:33:06.058,,60.0
2019-12-23 15:33:42.166,98.455,9.0
2019-12-23 15:33:42.184,98.455,4.0
2019-12-23 15:34:01.321,,20.0
2019-12-23 15:34:01.331,,8.0
2019-12-23 15:34:09.156,,14.0
2019-12-23 15:34:17.876,,18.0
2019-12-23 15:34:25.161,,9.0
2019-12-23 15:34:32.984,,7.0
2019-12-23 15:38:38.911,98.455,4.0
2019-12-23 15:38:38.920,98.455,60.0
2019-12-23 15:40:57.518,98.455,31.0
2019-12-23 15:40:57.518,98.455,2.0
2019-12-23 15:46:27.053,98.45,1.0
2019-12-23 15:47:41.067,98.45,1.0
2019-12-23 15:50:31.050,98.45,1.0
2019-12-23 15:52:17.064,98.45,1.0
2019-12-23 15:53:18.047,98.45,1.0
2019-12-23 15:55:52.042,98.45,1.0
2019-12-23 15:56:13.053,98.45,1.0
2019-12-23 15:59:42.050,98.45,1.0
2019-12-23 15:59:52.062,98.455,2.0
2019-12-23 16:00:00.087,98.455,40.0
2019-12-23 16:00:18.056,98.45,1.0
2019-12-23 16:00:25.279,98.455,1.0
2019-12-23 16:00:43.618,98.455,1000.0
2019-12-23 16:01:03.802,98.455,1000.0
2019-12-23 16:01:03.810,98.455,324.0
2019-12-23 16:01:03.810,98.455,8.0
2019-12-23 16:01:10.238,98.455,3.0
2019-12-23 16:01:14.273,98.455,300.0
2019-12-23 16:01:15.672,98.455,1.0
2019-12-23 16:01:16.872,98.455,1.0
2019-12-23 16:01:20.872,98.455,1.0
2019-12-23 16:01:20.882,98.455,250.0
2019-12-23 16:01:28.166,98.455,4.0
2019-12-23 16:03:38.307,,1.0
2019-12-23 16:03:38.307,,7.0
2019-12-23 16:07:06.736,,60.0
2019-12-23 16:08:28.059,98.45,1.0
2019-12-23 16:08:44.650,98.455,5.0
2019-12-23 16:10:09.043,98.45,1.0
2019-12-23 16:12:47.440,98.455,1.0
2019-12-23 16:12:59.040,98.45,1.0
2019-12-23 16:14:06.923,98.455,1.0
2019-12-23 16:15:46.041,98.45,1.0
2019-12-23 16:15:48.033,98.45,1.0
2019-12-23 16:16:02.180,98.455,1.0
2019-12-23 16:18:26.928,,3.0
2019-12-23 16:19:32.035,98.45,1.0
2019-12-23 16:19:40.046,98.45,1.0
2019-12-23 16:22:54.040,98.45,1.0
2019-12-23 16:24:17.443,98.455,1.0
2019-12-23 16:24:41.043,98.45,1.0
2019-12-23 16:26:05.040,98.45,1.0
2019-12-23 16:27:35.042,98.45,1.0
2019-12-23 16:29:28.046,98.45,1.0
2019-12-23 16:32:07.033,98.45,1.0
2019-12-23 16:32:16.038,98.45,1.0
2019-12-23 16:32:58.745,98.455,1.0
2019-12-23 16:36:02.044,98.45,1.0
2019-12-23 16:36:15.057,98.45,1.0
2019-12-23 16:40:04.052,98.45,1.0
2019-12-23 16:40:10.045,98.45,1.0
2019-12-23 16:42:54.035,98.45,1.0
2019-12-23 16:44:49.041,98.45,1.0
2019-12-23 16:46:20.060,98.45,1.0
2019-12-23 16:47:36.028,98.45,1.0
2019-12-23 16:49:14.033,98.45,1.0
2019-12-23 16:50:47.848,98.455,31.0
2019-12-23 16:52:52.030,98.45,1.0
2019-12-23 16:52:54.049,98.45,1.0
2019-12-23 16:55:41.039,98.45,1.0
2019-12-23 16:56:10.033,98.45,1.0
2019-12-23 16:58:35.046,98.45,1.0
2019-12-23 16:59:47.025,98.45,1.0
2019-12-23 17:02:57.043,98.45,1.0
2019-12-23 17:04:30.040,98.45,1.0
2019-12-23 17:05:55.033,98.45,1.0
2019-12-23 17:08:05.359,98.45,2.0
2019-12-23 17:08:41.051,98.45,1.0
2019-12-23 17:08:48.042,98.45,1.0
2019-12-23 17:12:22.040,98.45,1.0
2019-12-23 17:12:25.043,98.45,1.0
2019-12-23 17:15:08.031,98.45,1.0
2019-12-23 17:16:30.043,98.45,1.0
2019-12-23 17:16:32.194,,10.0
2019-12-23 17:19:29.027,98.45,1.0
2019-12-23 17:19:44.028,98.45,1.0
2019-12-23 17:21:41.867,98.455,1.0
2019-12-23 17:23:00.043,98.45,1.0
2019-12-23 17:25:08.039,98.45,1.0
2019-12-23 17:25:21.050,98.45,1.0
2019-12-23 17:28:04.037,98.45,1.0
2019-12-23 17:28:08.654,98.455,1.0
2019-12-23 17:29:21.034,98.45,1.0
2019-12-23 17:31:48.045,98.45,1.0
2019-12-23 17:32:06.038,98.45,1.0
2019-12-23 17:35:27.051,98.45,1.0
2019-12-23 17:36:09.037,98.45,1.0
2019-12-23 17:38:50.039,98.45,1.0
2019-12-23 17:41:17.029,98.45,1.0
2019-12-23 17:43:03.041,98.45,1.0
2019-12-23 17:44:22.048,98.455,1.0
2019-12-23 17:45:04.029,98.45,1.0
2019-12-23 17:45:31.062,98.45,1.0
2019-12-23 17:48:11.043,98.45,1.0
2019-12-23 17:48:35.054,98.45,1.0
2019-12-23 17:51:01.460,,1.0
2019-12-23 17:51:30.043,98.45,1.0
2019-12-23 17:52:23.032,98.45,1.0
2019-12-23 17:55:23.042,98.45,1.0
2019-12-23 17:56:43.033,98.45,1.0
2019-12-23 17:58:26.058,98.45,1.0
2019-12-23 18:00:36.485,98.455,1.0
2019-12-23 18:01:05.037,98.45,1.0
2019-12-23 18:01:27.110,98.45,2.0
2019-12-23 18:01:37.040,98.45,1.0
2019-12-23 18:02:13.676,,3.0
2019-12-23 18:04:51.026,98.45,1.0
2019-12-23 18:06:12.028,98.45,1.0
2019-12-23 18:08:13.023,98.45,1.0
2019-12-23 18:09:11.027,98.45,1.0
2019-12-23 18:11:27.040,98.45,1.0
2019-12-23 18:12:56.037,98.45,1.0
2019-12-23 18:15:06.044,98.45,1.0
2019-12-23 18:16:35.041,98.45,1.0
2019-12-23 18:18:13.042,98.45,1.0
2019-12-23 18:20:22.031,98.45,1.0
2019-12-23 18:22:25.049,98.45,1.0
2019-12-23 18:25:28.037,98.45,1.0
2019-12-23 18:25:58.057,98.45,1.0
2019-12-23 18:28:11.008,98.455,1.0
2019-12-23 18:29:14.039,98.45,1.0
2019-12-23 18:29:18.040,98.45,1.0
2019-12-23 18:32:27.056,98.45,1.0
2019-12-23 18:32:56.048,98.45,1.0
2019-12-23 18:34:29.053,98.45,1.0
2019-12-23 18:36:12.035,98.45,1.0
2019-12-23 18:39:09.063,98.45,1.0
2019-12-23 18:41:03.045,98.45,1.0
2019-12-23 18:41:14.045,98.45,1.0
2019-12-23 18:45:08.048,98.45,1.0
2019-12-23 18:45:52.054,98.45,1.0
2019-12-23 18:46:06.134,98.45,6.0
2019-12-23 18:48:01.592,98.455,1.0
2019-12-23 18:48:11.052,98.45,1.0
2019-12-23 18:49:04.033,98.45,1.0
2019-12-23 18:52:27.046,98.45,1.0
2019-12-23 18:52:57.040,98.45,1.0
2019-12-23 18:54:56.045,98.45,1.0
2019-12-23 18:56:56.038,98.45,1.0
2019-12-23 18:57:48.040,98.45,1.0
2019-12-23 18:58:55.033,98.45,1.0
2019-12-23 18:59:06.053,98.45,1.0
2019-12-23 18:59:55.024,98.45,1.0
2019-12-23 18:59:55.064,98.45,1.0
2019-12-23 19:32:55.092,,4.0
2019-12-23 19:32:55.100,,1.0
2019-12-23 19:32:55.112,,2.0
2019-12-23 19:32:55.112,,2.0
2019-12-23 19:32:55.122,,1.0
2019-12-23 19:32:55.122,,1.0
2019-12-23 19:32:55.132,,2.0
2019-12-23 19:38:59.104,98.455,4.0
2019-12-23 19:39:21.525,,1.0
2019-12-23 19:44:09.603,,1.0
2019-12-23 19:46:48.544,,300.0
2019-12-23 19:46:48.556,,26.0
2019-12-23 19:48:45.397,98.455,10.0
2019-12-23 20:01:36.391,98.455,29.0
2019-12-23 20:31:35.953,98.455,1.0
2019-12-23 20:59:55.229,98.455,1.0
2019-12-23 21:03:00.192,,1.0
2019-12-23 21:05:26.193,,3.0
2019-12-23 21:05:26.193,,2.0
2019-12-23 21:05:26.193,,3.0
2019-12-23 21:05:26.193,,1.0
2019-12-23 21:05:26.384,,1.0
2019-12-23 21:05:42.293,,1.0
2019-12-23 21:05:42.293,,3.0
2019-12-23 21:05:42.293,,1.0
2019-12-23 21:05:47.225,,2.0
2019-12-23 21:05:52.024,,1.0
2019-12-23 21:05:52.053,,1.0
2019-12-23 21:05:52.924,,4.0
2019-12-23 21:06:17.205,,1.0
2019-12-23 21:06:40.943,,1.0
2019-12-23 21:17:03.645,98.45,2.0
2019-12-23 21:17:03.655,98.45,1.0
2019-12-23 21:19:18.401,,2.0
2019-12-23 21:19:18.411,,3.0
2019-12-23 21:19:18.411,,2.0
2019-12-23 21:47:11.581,,1.0
2019-12-23 21:47:11.581,,1.0
2019-12-23 21:47:11.581,,1.0
2019-12-23 21:55:11.947,98.45,1.0
2019-12-23 21:55:13.378,98.45,1.0
2019-12-23 23:07:04.759,98.45,9.0
2019-12-24 02:05:01.837,98.45,135.0
2019-12-24 02:05:01.856,98.45,10.0
2019-12-24 02:05:01.858,,3.0
2019-12-24 02:05:01.858,98.45,1.0
2019-12-24 02:06:19.586,,1.0
2019-12-24 02:21:15.206,98.45,1.0
2019-12-24 02:21:15.216,,3.0
2019-12-24 02:48:42.334,98.45,31.0
2019-12-24 02:48:42.346,,3.0
2019-12-24 08:00:01.875,,3.0
2019-12-24 08:00:01.895,,8.0
2019-12-24 08:00:01.895,,1.0
2019-12-24 08:00:01.895,,1.0
2019-12-24 08:04:30.556,,10.0
2019-12-24 08:04:30.565,,1.0
2019-12-24 08:28:42.341,,10.0
2019-12-24 08:29:09.611,,3.0
2019-12-24 09:27:06.284,98.45,29.0
2019-12-24 10:14:11.074,,4.0
2019-12-24 10:14:30.603,,4.0
2019-12-24 10:14:55.782,,4.0
2019-12-24 10:16:56.401,98.45,28.0
2019-12-24 10:18:59.449,,1.0
2019-12-24 10:24:01.281,,3.0
2019-12-24 10:24:20.622,,3.0
2019-12-24 10:24:36.611,,2.0
2019-12-24 10:31:29.884,,6.0
2019-12-24 10:41:31.756,,1.0
2019-12-24 10:41:31.765,,1.0
2019-12-24 10:41:47.705,,3.0
2019-12-24 10:42:08.885,,3.0
2019-12-24 10:51:22.014,,3.0
2019-12-24 10:51:46.705,,2.0
2019-12-24 10:54:29.136,98.45,10.0
2019-12-24 11:36:24.053,,1.0
2019-12-24 11:37:07.203,,1.0
2019-12-24 11:37:20.014,,1.0
2019-12-24 11:39:11.633,,1.0
2019-12-24 11:39:12.643,,1.0
2019-12-24 11:39:53.603,,1.0
2019-12-24 11:44:06.744,,1.0
2019-12-24 11:45:23.025,,1.0
2019-12-24 11:45:23.035,,1.0
2019-12-24 11:46:26.622,,1.0
2019-12-24 11:46:27.722,,2.0
2019-12-24 11:46:45.323,,1.0
2019-12-24 12:03:22.417,98.45,101.0
2019-12-24 12:03:22.427,98.45,26.0
2019-12-24 12:03:22.427,98.45,58.0
2019-12-24 12:03:22.437,98.45,178.0
2019-12-24 12:03:22.437,98.45,2.0
2019-12-24 12:03:22.437,98.45,2.0
2019-12-24 12:03:22.437,,14.0
2019-12-24 12:03:22.437,,33.0
2019-12-24 12:03:22.445,98.45,6.0
2019-12-24 12:03:22.447,,1.0
2019-12-24 12:03:22.447,,2.0
2019-12-24 12:03:22.447,,1.0
2019-12-24 12:03:22.447,,1.0
2019-12-24 12:03:22.447,,1.0
2019-12-24 12:03:22.447,,1.0
2019-12-24 12:03:22.447,,1.0
2019-12-24 12:03:22.447,,1.0
2019-12-24 12:03:22.455,,1.0
2019-12-24 12:03:22.455,,3.0
2019-12-24 12:03:22.455,,1.0
2019-12-24 12:03:22.457,,1.0
2019-12-24 12:03:22.457,98.45,8.0
2019-12-24 12:03:22.467,98.45,34.0
2019-12-24 12:03:22.475,98.45,40.0
2019-12-24 12:03:22.475,98.45,515.0
2019-12-24 12:03:22.475,98.45,17.0
2019-12-24 12:03:22.475,,21.0
2019-12-24 12:03:22.477,,3.0
2019-12-24 12:03:22.477,,4.0
2019-12-24 12:03:22.477,,5.0
2019-12-24 12:03:22.497,,1.0
2019-12-24 12:03:22.497,,1.0
2019-12-24 12:03:22.497,,1.0
2019-12-24 12:03:22.497,,1.0
2019-12-24 12:03:22.497,98.45,7.0
2019-12-24 12:03:22.515,,55.0
2019-12-24 12:03:22.515,98.45,28.0
2019-12-24 12:03:22.926,,14.0
2019-12-24 12:03:22.936,,1.0
2019-12-24 12:03:22.936,,5.0
2019-12-24 12:03:22.936,,2.0
2019-12-24 12:03:22.936,,1.0
2019-12-24 12:04:12.297,,13.0
2019-12-24 12:09:38.507,98.45,16.0
2019-12-24 12:09:38.517,98.45,11.0
2019-12-24 12:09:38.517,98.45,4.0
2019-12-24 12:09:38.525,98.45,4.0
2019-12-24 12:09:38.525,98.45,9.0
2019-12-24 12:09:38.527,98.45,2.0
2019-12-24 12:09:38.527,98.45,22.0
2019-12-24 12:09:38.535,98.45,4.0
2019-12-24 12:09:38.537,98.45,35.0
2019-12-24 12:09:38.537,98.45,6.0
2019-12-24 12:09:38.537,98.45,1.0
2019-12-24 12:09:38.537,98.45,1.0
2019-12-24 12:09:38.547,98.45,46.0
2019-12-24 12:09:38.547,98.45,3.0
2019-12-24 12:09:38.547,98.45,1.0
2019-12-24 12:09:38.557,98.45,269.0
2019-12-24 12:09:38.557,98.45,22.0
2019-12-24 12:09:38.557,98.45,10.0
2019-12-24 12:09:38.567,98.45,10.0
2019-12-24 12:09:38.567,98.45,10.0
2019-12-24 12:09:38.575,98.45,10.0
2019-12-24 12:09:38.587,98.45,10.0
2019-12-24 12:09:38.625,98.45,253.0
2019-12-24 12:09:38.625,98.45,10.0
2019-12-24 12:09:38.625,98.45,10.0
2019-12-24 12:10:02.317,98.45,270.0
2019-12-24 12:10:02.335,98.45,138.0
2019-12-24 12:10:02.335,98.45,112.0
2019-12-24 12:10:02.335,98.45,8.0
2019-12-24 12:10:02.337,98.45,17.0
2019-12-24 12:10:02.345,98.45,20.0
2019-12-24 12:10:02.345,98.45,5.0
2019-12-24 12:10:02.345,98.45,8.0
2019-12-24 12:10:02.345,98.45,34.0
2019-12-24 12:10:02.345,98.45,1.0
2019-12-24 12:10:02.345,98.45,10.0
2019-12-24 12:10:02.347,98.45,293.0
2019-12-24 12:11:57.706,98.45,103.0
2019-12-24 12:11:57.727,98.45,2.0
2019-12-24 12:18:45.209,98.45,7.0
2019-12-24 12:18:45.209,98.45,45.0
2019-12-24 12:18:46.638,98.45,13.0
2019-12-24 12:19:59.418,98.45,30.0
2019-12-24 12:20:03.218,98.45,2.0
2019-12-24 12:20:03.228,98.45,1.0
2019-12-24 12:20:16.626,98.45,10.0
2019-12-24 12:21:27.637,98.45,10.0
2019-12-24 12:21:27.836,98.45,11.0
2019-12-24 12:21:27.847,98.45,10.0
2019-12-24 12:21:28.156,98.45,10.0
2019-12-24 12:21:51.345,98.45,220.0
2019-12-24 12:25:35.131,98.45,711.0
2019-12-24 12:25:35.139,98.45,189.0
2019-12-24 12:25:35.139,98.45,37.0
2019-12-24 12:25:35.141,98.45,183.0
2019-12-24 12:26:34.019,98.45,415.0
2019-12-24 12:26:34.040,98.45,184.0
2019-12-24 12:26:34.050,98.45,222.0
2019-12-24 12:31:31.299,98.45,1.0
2019-12-24 12:31:31.307,98.45,1.0
2019-12-24 12:38:34.897,,1.0
2019-12-24 12:38:53.967,,2.0
2019-12-24 12:38:53.978,,1.0
2019-12-24 12:48:15.256,,2.0
2019-12-24 12:48:15.256,,3.0
2019-12-24 12:59:04.399,98.45,8.0
2019-12-24 13:00:43.284,98.45,20.0
2019-12-24 13:01:07.165,98.45,9.0
2019-12-24 13:01:07.175,98.45,9.0
2019-12-24 13:02:16.375,98.45,25.0
2019-12-24 13:06:31.116,98.45,4.0
2019-12-24 13:06:31.116,98.45,1.0
2019-12-24 13:08:58.999,98.45,28.0
2019-12-24 13:09:03.319,98.45,50.0
2019-12-24 13:09:20.719,98.45,5.0
2019-12-24 13:09:54.860,98.45,173.0
2019-12-24 13:12:34.575,98.45,3.0
2019-12-24 13:12:37.373,98.45,186.0
2019-12-24 13:15:49.179,98.45,1.0
2019-12-24 13:19:24.441,98.45,10.0
2019-12-24 13:19:24.441,98.45,1.0
2019-12-24 13:20:33.931,98.45,3.0
2019-12-24 13:20:51.912,98.45,46.0
2019-12-24 13:21:04.891,98.45,15.0
2019-12-24 13:21:04.900,98.45,6.0
2019-12-24 13:21:04.902,98.45,2.0
2019-12-24 13:21:04.902,98.45,18.0
2019-12-24 13:30:09.120,98.45,41.0
2019-12-24 13:32:14.438,98.45,25.0
2019-12-24 13:34:13.095,98.45,10.0
2019-12-24 13:34:33.156,98.45,21.0
2019-12-24 13:34:33.322,98.45,56.0
2019-12-24 13:40:46.466,98.45,3.0
2019-12-24 13:41:39.362,98.45,5.0
2019-12-24 13:41:39.364,98.45,160.0
2019-12-24 13:41:39.364,98.45,2.0
2019-12-24 13:42:20.562,98.45,190.0
2019-12-24 13:46:37.315,98.45,1.0
2019-12-24 13:47:01.022,98.45,1.0
2019-12-24 13:47:01.022,98.45,1.0
2019-12-24 13:47:01.022,98.45,3.0
2019-12-24 13:47:01.024,98.45,1.0
2019-12-24 13:47:01.032,98.45,2.0
2019-12-24 13:47:01.032,98.45,1.0
2019-12-24 13:47:01.032,98.45,1.0
2019-12-24 13:47:01.034,98.45,5.0
2019-12-24 13:47:01.034,98.45,2.0
2019-12-24 13:47:01.044,98.45,3.0
2019-12-24 13:47:01.044,98.45,1.0
2019-12-24 13:55:07.455,98.45,29.0
2019-12-24 13:56:51.741,,184.0
2019-12-24 13:56:51.850,,48.0
2019-12-24 13:56:52.050,,6.0
2019-12-24 13:56:52.059,,1.0
2019-12-24 14:04:18.856,98.45,1.0
2019-12-24 14:04:18.896,98.45,1.0
2019-12-24 14:04:18.956,98.45,1.0
2019-12-24 14:04:19.006,98.45,1.0
2019-12-24 14:04:19.056,98.45,1.0
2019-12-24 14:05:47.800,98.45,1.0
2019-12-24 14:11:23.128,,1.0
2019-12-24 14:16:18.999,98.45,2.0
2019-12-24 14:20:55.387,,2.0
2019-12-24 14:20:55.387,,2.0
2019-12-24 14:21:27.897,,1.0
2019-12-24 14:21:28.987,,1.0
2019-12-24 14:24:24.952,,1.0
2019-12-24 14:26:01.173,98.45,2.0
2019-12-24 14:26:01.394,98.45,6.0
2019-12-24 14:26:01.423,98.45,5.0
2019-12-24 14:26:01.482,98.45,14.0
2019-12-24 14:27:06.990,98.45,1.0
2019-12-24 14:27:19.150,98.45,1.0
2019-12-24 14:27:39.532,,1.0
2019-12-24 14:31:32.146,,6.0
2019-12-24 14:31:33.016,,1.0
2019-12-24 14:31:33.116,,1.0
2019-12-24 14:34:15.566,98.45,22.0
2019-12-24 14:34:15.566,98.45,15.0
2019-12-24 14:34:15.576,98.45,20.0
2019-12-24 14:34:15.588,98.45,45.0
2019-12-24 14:34:15.588,98.45,11.0
2019-12-24 14:34:15.588,98.45,14.0
2019-12-24 14:34:16.616,98.45,10.0
2019-12-24 14:35:53.905,98.45,7.0
2019-12-24 14:35:57.293,98.45,2.0
2019-12-24 14:36:01.785,98.45,1.0
2019-12-24 14:39:51.797,,1.0
2019-12-24 14:41:48.123,,1.0
2019-12-24 14:45:37.460,98.45,300.0
2019-12-24 14:45:37.470,98.45,7.0
2019-12-24 14:45:37.480,98.45,58.0
2019-12-24 14:45:59.573,98.45,29.0
2019-12-24 14:45:59.573,98.45,26.0
2019-12-24 14:46:00.413,98.45,12.0
2019-12-24 14:46:00.425,98.45,72.0
2019-12-24 14:48:30.522,98.45,73.0
2019-12-24 14:48:30.551,98.45,2.0
2019-12-24 14:50:46.932,98.45,29.0
2019-12-24 14:50:46.932,98.45,17.0
2019-12-24 14:59:00.039,98.45,31.0
2019-12-24 15:01:30.824,98.45,3.0
2019-12-24 15:02:09.125,98.45,3.0
2019-12-24 15:02:09.165,98.45,2.0
2019-12-24 15:02:09.235,98.45,4.0
2019-12-24 15:02:09.275,98.45,8.0
2019-12-24 15:02:09.303,98.45,6.0
2019-12-24 15:02:44.447,,1.0
2019-12-24 15:02:49.227,,1.0
2019-12-24 15:02:51.415,,1.0
2019-12-24 15:02:51.417,,1.0
2019-12-24 15:02:51.617,,1.0
2019-12-24 15:02:57.367,,1.0
2019-12-24 15:03:00.038,,1.0
2019-12-24 15:03:00.038,,12.0
2019-12-24 15:03:14.038,,1.0
2019-12-24 15:03:14.046,,1.0
2019-12-24 15:03:14.048,,1.0
2019-12-24 15:03:14.048,,99.0
2019-12-24 15:04:32.888,,3.0
2019-12-24 15:07:23.238,98.455,2.0
2019-12-24 15:11:29.263,,10.0
2019-12-24 15:20:35.240,98.45,1.0
2019-12-24 15:25:07.586,98.45,3.0
2019-12-24 15:25:07.658,98.45,2.0
2019-12-24 15:25:07.688,98.45,1.0
2019-12-24 15:25:07.728,98.45,1.0
2019-12-24 15:25:07.758,98.45,2.0
2019-12-24 15:25:07.758,98.45,10.0
2019-12-24 15:25:07.766,98.45,1.0
2019-12-24 15:25:07.908,98.45,2.0
2019-12-24 15:25:07.908,98.45,1.0
2019-12-24 15:25:08.368,98.45,10.0
2019-12-24 15:25:08.376,98.45,23.0
2019-12-24 15:26:29.159,98.45,5.0
2019-12-24 15:33:13.390,98.45,1.0
2019-12-24 15:45:33.816,98.455,1.0
2019-12-24 16:19:43.334,,1.0
2019-12-24 16:23:27.382,,1.0
2019-12-24 16:23:29.379,,1.0
2019-12-24 16:30:51.125,,11.0
2019-12-24 16:30:51.145,,11.0
2019-12-24 16:30:51.145,,11.0
2019-12-24 16:30:51.145,,11.0
2019-12-24 16:30:51.155,,11.0
2019-12-24 16:30:51.155,,11.0
2019-12-24 16:30:51.155,,11.0
2019-12-24 16:30:51.155,,11.0
2019-12-24 16:30:51.163,,11.0
2019-12-24 16:30:51.163,,11.0
2019-12-24 16:30:51.163,,3.0
2019-12-24 16:30:51.195,,5.0
2019-12-24 16:30:51.195,,3.0
2019-12-24 16:30:51.253,,2.0
2019-12-24 16:30:51.253,,6.0
2019-12-24 16:30:51.255,,3.0
2019-12-24 16:30:51.313,,6.0
2019-12-24 16:30:51.313,,3.0
2019-12-24 16:30:51.315,,2.0
2019-12-24 16:30:51.394,,5.0
2019-12-24 16:30:51.394,,3.0
2019-12-24 16:30:51.394,,2.0
2019-12-24 16:31:13.127,,1.0
2019-12-24 16:31:13.198,,11.0
2019-12-24 16:31:13.198,,11.0
2019-12-24 16:31:13.198,,3.0
2019-12-24 16:31:13.248,,4.0
2019-12-24 16:31:13.248,,4.0
2019-12-24 16:31:13.308,,2.0
2019-12-24 16:31:18.928,,9.0
2019-12-24 16:31:18.996,,11.0
2019-12-24 16:31:18.996,,5.0
2019-12-24 16:31:19.428,,6.0
2019-12-24 16:34:28.780,98.45,1.0
2019-12-24 16:34:28.810,98.45,336.0
2019-12-24 16:34:28.818,98.45,64.0
2019-12-24 16:34:28.820,98.45,73.0
2019-12-24 16:34:28.820,98.45,37.0
2019-12-24 16:34:28.828,98.45,272.0
2019-12-24 16:34:28.828,98.45,152.0
2019-12-24 16:34:28.840,98.45,48.0
2019-12-24 16:34:28.850,98.45,145.0
2019-12-24 17:21:04.589,98.45,14.0
2019-12-24 17:21:04.658,,6.0
2019-12-24 17:21:04.658,,5.0
2019-12-24 17:21:04.718,,5.0
2019-12-24 17:28:15.239,,6.0
2019-12-24 17:30:15.123,98.45,14.0
2019-12-24 17:39:11.882,98.45,1.0
2019-12-24 17:40:56.284,98.45,400.0
2019-12-24 17:40:56.292,98.45,42.0
2019-12-24 17:40:56.292,98.45,21.0
2019-12-24 17:40:56.294,98.45,1.0
2019-12-24 17:41:41.845,,1.0
2019-12-24 17:43:46.121,98.45,30.0
2019-12-24 17:43:46.141,98.45,2.0
2019-12-24 17:59:30.636,98.45,5.0
2019-12-24 18:01:49.914,98.45,1.0
2019-12-24 18:04:59.063,98.455,10.0
2019-12-24 18:11:29.392,,9.0
2019-12-24 18:11:29.400,,9.0
2019-12-24 18:11:29.400,,12.0
2019-12-24 18:12:14.048,,14.0
2019-12-24 18:14:00.006,98.45,4.0
2019-12-24 18:14:00.236,98.45,5.0
2019-12-24 18:14:00.236,98.45,1.0
2019-12-24 18:14:00.264,98.45,2.0
2019-12-24 18:14:00.266,,1.0
2019-12-24 18:14:00.276,,2.0
2019-12-24 18:14:00.286,98.45,3.0
2019-12-24 18:14:00.296,98.45,7.0
2019-12-24 18:14:00.964,98.45,5.0
2019-12-24 18:14:16.606,98.455,4.0
2019-12-24 18:14:16.626,98.455,3.0
2019-12-26 00:27:23.495,98.45,4.0
2019-12-26 00:36:09.822,,8.0
2019-12-26 00:38:02.962,98.45,2.0
2019-12-26 01:47:35.124,98.45,9.0
2019-12-26 01:48:50.818,,8.0
2019-12-26 02:17:44.267,98.45,6.0
2019-12-26 02:17:44.277,98.45,1.0
2019-12-26 02:51:56.430,98.45,4.0
2019-12-26 02:51:56.441,98.45,1.0
2019-12-26 02:51:56.441,98.45,4.0
2019-12-26 02:56:21.330,98.45,2.0
2019-12-26 02:56:21.338,98.45,8.0
2019-12-26 02:56:21.338,98.45,1.0
2019-12-26 02:56:21.338,98.45,1.0
2019-12-26 02:56:21.338,98.45,1.0
2019-12-26 02:56:21.338,98.45,1.0
2019-12-26 02:56:21.338,98.45,1.0
2019-12-26 03:00:36.776,98.45,40.0
2019-12-26 03:00:36.776,98.45,44.0
2019-12-26 08:15:25.458,98.455,2.0
2019-12-26 09:08:42.943,98.455,5.0
2019-12-26 09:08:42.943,98.455,2.0
