Date,VALUE,VOLUME
2019-11-14 02:11:29.484,98.575,1.0
2019-11-14 02:12:50.744,98.575,9.0
2019-11-14 04:04:19.641,98.58,1.0
2019-11-14 04:05:38.371,98.58,1.0
2019-11-14 04:07:37.888,98.58,4.0
2019-11-14 06:16:16.807,98.58,3.0
2019-11-14 06:23:05.942,98.58,4.0
2019-11-14 06:54:41.914,98.58,1.0
2019-11-14 06:54:41.914,98.58,1.0
2019-11-14 06:59:27.231,98.58,8.0
2019-11-14 07:01:03.681,,5.0
2019-11-14 07:16:41.914,98.58,3.0
2019-11-14 07:16:51.305,98.58,2.0
2019-11-14 07:18:32.218,98.585,18.0
2019-11-14 07:20:50.293,98.59,1.0
2019-11-14 07:20:53.554,98.59,7.0
2019-11-14 07:20:53.564,98.59,4.0
2019-11-14 07:21:06.843,98.59,6.0
2019-11-14 07:21:06.853,98.59,31.0
2019-11-14 07:21:06.855,98.59,13.0
2019-11-14 07:22:08.068,98.59,10.0
2019-11-14 07:22:08.168,98.59,8.0
2019-11-14 07:23:36.873,98.585,8.0
2019-11-14 07:32:12.528,98.585,10.0
2019-11-14 07:55:31.169,98.58,4.0
2019-11-14 07:57:26.222,98.58,12.0
2019-11-14 08:00:16.469,98.58,12.0
2019-11-14 08:00:16.469,98.58,1.0
2019-11-14 08:07:00.885,98.58,5.0
2019-11-14 08:11:30.901,98.585,9.0
2019-11-14 08:19:00.864,,2.0
2019-11-14 08:19:01.226,,2.0
2019-11-14 08:19:01.696,,2.0
2019-11-14 08:19:01.704,,6.0
2019-11-14 08:25:45.523,98.585,5.0
2019-11-14 08:29:03.124,98.59,22.0
2019-11-14 08:29:39.418,98.59,3.0
2019-11-14 08:29:58.097,98.59,1.0
2019-11-14 08:33:50.626,98.59,1.0
2019-11-14 08:34:00.647,98.59,23.0
2019-11-14 08:34:00.647,98.59,10.0
2019-11-14 08:34:00.657,98.59,5.0
2019-11-14 08:34:00.658,98.59,10.0
2019-11-14 08:34:15.970,98.59,2.0
2019-11-14 08:34:15.970,98.59,2.0
2019-11-14 08:34:15.970,98.59,1.0
2019-11-14 08:34:15.979,98.59,1.0
2019-11-14 08:34:15.979,98.59,1.0
2019-11-14 08:34:15.979,98.59,1.0
2019-11-14 08:34:15.979,98.59,1.0
2019-11-14 08:34:15.979,98.59,1.0
2019-11-14 08:34:15.979,98.59,1.0
2019-11-14 08:34:15.979,98.59,1.0
2019-11-14 08:34:15.979,98.59,1.0
2019-11-14 08:34:15.979,98.59,1.0
2019-11-14 08:34:15.980,98.59,1.0
2019-11-14 08:34:15.980,98.59,1.0
2019-11-14 08:34:15.980,98.59,16.0
2019-11-14 08:34:16.040,98.59,4.0
2019-11-14 08:35:09.387,98.59,4.0
2019-11-14 08:35:09.397,98.59,2.0
2019-11-14 08:35:09.407,98.59,1.0
2019-11-14 08:47:34.828,98.59,5.0
2019-11-14 08:56:44.511,98.59,1.0
2019-11-14 08:56:44.511,98.59,3.0
2019-11-14 08:56:44.513,98.59,1.0
2019-11-14 09:00:13.656,98.59,50.0
2019-11-14 09:02:03.543,98.59,5.0
2019-11-14 09:03:13.000,98.59,5.0
2019-11-14 09:10:25.723,98.59,13.0
2019-11-14 09:10:25.723,98.59,8.0
2019-11-14 09:10:25.733,98.59,5.0
2019-11-14 09:10:25.733,98.59,20.0
2019-11-14 09:10:25.751,98.59,4.0
2019-11-14 09:36:08.095,98.59,26.0
2019-11-14 09:36:08.103,98.59,4.0
2019-11-14 09:36:08.103,98.59,3.0
2019-11-14 09:36:08.105,98.59,1.0
2019-11-14 09:36:08.105,98.59,1.0
2019-11-14 09:36:08.105,98.59,1.0
2019-11-14 09:36:08.115,98.59,41.0
2019-11-14 10:02:19.291,98.59,5.0
2019-11-14 10:03:21.044,98.585,1.0
2019-11-14 10:03:33.146,98.585,25.0
2019-11-14 10:06:30.317,98.585,148.0
2019-11-14 10:06:30.359,98.585,160.0
2019-11-14 10:06:30.369,98.585,2.0
2019-11-14 10:06:30.369,98.585,4.0
2019-11-14 10:06:30.377,98.585,1.0
2019-11-14 10:06:30.377,98.585,2.0
2019-11-14 10:06:30.377,98.585,8.0
2019-11-14 10:06:30.377,98.585,1.0
2019-11-14 10:06:30.389,98.585,4.0
2019-11-14 10:06:30.469,98.59,1.0
2019-11-14 10:14:17.222,98.585,23.0
2019-11-14 10:14:17.230,98.585,18.0
2019-11-14 10:14:17.232,98.585,18.0
2019-11-14 10:28:18.764,98.58,5.0
2019-11-14 10:30:53.683,98.58,7.0
2019-11-14 10:30:53.693,98.58,1.0
2019-11-14 10:42:04.825,98.58,3.0
2019-11-14 10:42:13.477,98.58,5.0
2019-11-14 11:02:58.734,98.585,30.0
2019-11-14 11:02:58.744,98.585,22.0
2019-11-14 11:02:58.744,98.585,23.0
2019-11-14 11:06:11.995,98.585,8.0
2019-11-14 11:08:26.285,98.585,10.0
2019-11-14 11:13:07.657,,1.0
2019-11-14 11:15:00.838,98.59,5.0
2019-11-14 11:15:05.908,98.59,5.0
2019-11-14 11:15:21.038,98.59,5.0
2019-11-14 11:29:13.841,98.59,2.0
2019-11-14 11:29:13.853,98.59,3.0
2019-11-14 11:30:25.363,98.59,8.0
2019-11-14 12:26:31.453,98.59,10.0
2019-11-14 12:44:28.365,98.595,400.0
2019-11-14 12:44:28.413,98.595,5.0
2019-11-14 12:45:31.216,98.595,11.0
2019-11-14 12:47:18.638,,3.0
2019-11-14 12:58:47.635,98.595,4.0
2019-11-14 13:18:34.585,98.59,1.0
2019-11-14 13:22:23.275,98.59,86.0
2019-11-14 13:29:55.058,,1.0
2019-11-14 13:30:01.370,98.585,25.0
2019-11-14 13:31:00.799,98.59,3.0
2019-11-14 13:31:00.799,98.59,28.0
2019-11-14 13:31:26.860,98.59,8.0
2019-11-14 13:31:26.880,98.59,63.0
2019-11-14 13:43:52.632,98.59,75.0
2019-11-14 13:46:11.167,,1.0
2019-11-14 13:46:47.719,98.595,1.0
2019-11-14 14:03:00.485,98.595,5.0
2019-11-14 14:04:16.234,98.595,40.0
2019-11-14 14:09:35.334,98.595,10.0
2019-11-14 14:09:35.352,98.595,16.0
2019-11-14 14:09:35.383,98.595,2.0
2019-11-14 14:09:35.393,98.595,1.0
2019-11-14 14:09:35.394,98.595,2.0
2019-11-14 14:09:35.414,98.595,1.0
2019-11-14 14:09:35.414,98.595,1.0
2019-11-14 14:09:35.414,98.595,35.0
2019-11-14 14:09:35.422,98.595,2.0
2019-11-14 14:09:35.422,98.595,1.0
2019-11-14 14:09:35.422,98.595,2.0
2019-11-14 14:09:35.422,98.595,3.0
2019-11-14 14:09:35.422,98.595,4.0
2019-11-14 14:09:35.424,98.595,11.0
2019-11-14 14:09:35.424,98.595,3.0
2019-11-14 14:09:35.475,98.595,35.0
2019-11-14 14:09:35.483,98.595,7.0
2019-11-14 14:21:36.038,98.6,100.0
2019-11-14 14:27:23.973,98.6,45.0
2019-11-14 14:28:47.359,98.6,4.0
2019-11-14 14:34:32.645,98.6,1.0
2019-11-14 14:38:22.389,98.6,10.0
2019-11-14 14:42:31.786,98.6,73.0
2019-11-14 14:42:31.806,98.6,6.0
2019-11-14 14:42:31.806,98.6,21.0
2019-11-14 14:47:55.750,98.6,36.0
2019-11-14 14:48:08.648,98.6,33.0
2019-11-14 14:48:14.413,98.6,100.0
2019-11-14 14:48:14.421,98.6,59.0
2019-11-14 14:48:14.421,98.6,2.0
2019-11-14 14:48:14.421,98.6,6.0
2019-11-14 14:53:11.782,98.6,5.0
2019-11-14 14:53:55.079,98.6,2.0
2019-11-14 14:57:02.939,98.6,5.0
2019-11-14 14:58:00.060,,1.0
2019-11-14 15:11:34.296,98.6,10.0
2019-11-14 15:36:45.568,98.6,1.0
2019-11-14 15:36:45.587,98.6,5.0
2019-11-14 15:51:17.135,98.6,1.0
2019-11-14 15:55:43.611,98.6,2.0
2019-11-14 15:55:43.611,98.6,2.0
2019-11-14 15:55:46.812,98.6,6.0
2019-11-14 15:55:47.022,98.6,3.0
2019-11-14 15:57:53.559,98.6,4.0
2019-11-14 15:57:53.779,98.6,2.0
2019-11-14 15:58:00.530,98.6,4.0
2019-11-14 15:59:26.224,98.6,29.0
2019-11-14 16:00:10.635,98.6,5.0
2019-11-14 16:11:58.926,98.605,2.0
2019-11-14 16:12:40.154,98.605,2.0
2019-11-14 16:12:40.162,98.605,11.0
2019-11-14 16:12:40.162,98.605,7.0
2019-11-14 16:12:40.162,98.605,20.0
2019-11-14 16:12:40.172,98.605,3.0
2019-11-14 16:12:40.172,98.605,4.0
2019-11-14 16:12:40.172,98.605,9.0
2019-11-14 16:12:40.172,98.605,2.0
2019-11-14 16:15:06.473,98.605,45.0
2019-11-14 16:15:56.525,98.605,96.0
2019-11-14 16:15:56.525,98.605,148.0
2019-11-14 16:15:56.525,98.605,40.0
2019-11-14 16:15:56.525,98.605,21.0
2019-11-14 16:15:56.535,98.605,21.0
2019-11-14 16:15:56.557,98.605,10.0
2019-11-14 16:15:57.807,98.605,26.0
2019-11-14 16:15:57.815,98.605,23.0
2019-11-14 16:15:57.815,98.605,21.0
2019-11-14 16:15:57.815,98.605,3.0
2019-11-14 16:15:57.815,98.605,1.0
2019-11-14 16:16:01.218,98.605,55.0
2019-11-14 16:16:01.238,98.605,10.0
2019-11-14 16:16:01.258,98.605,20.0
2019-11-14 16:16:01.278,98.605,15.0
2019-11-14 16:16:48.284,98.605,46.0
2019-11-14 16:30:43.366,98.605,14.0
2019-11-14 16:30:43.376,98.605,69.0
2019-11-14 16:30:43.386,98.605,89.0
2019-11-14 16:30:49.264,98.605,10.0
2019-11-14 16:32:00.696,98.605,148.0
2019-11-14 16:32:00.696,98.605,2.0
2019-11-14 16:35:04.308,98.605,2.0
2019-11-14 16:35:04.308,98.605,10.0
2019-11-14 16:37:37.953,,1.0
2019-11-14 16:38:32.839,98.605,10.0
2019-11-14 16:42:22.413,98.61,6.0
2019-11-14 16:42:22.413,98.61,1.0
2019-11-14 16:42:22.413,98.61,28.0
2019-11-14 16:42:51.670,98.61,10.0
2019-11-14 16:43:57.800,98.61,15.0
2019-11-14 16:43:57.801,98.61,8.0
2019-11-14 16:43:57.840,98.61,5.0
2019-11-14 16:44:40.181,98.61,10.0
2019-11-14 16:54:50.999,98.61,12.0
2019-11-14 17:01:46.272,,1.0
2019-11-14 17:13:37.454,98.605,15.0
2019-11-14 17:15:21.635,98.605,100.0
2019-11-14 17:24:02.882,98.605,148.0
2019-11-14 17:24:02.882,98.605,206.0
2019-11-14 17:24:02.902,98.605,17.0
2019-11-14 17:24:02.902,98.605,10.0
2019-11-14 17:24:21.757,98.605,3.0
2019-11-14 17:24:21.777,98.605,3.0
2019-11-14 17:24:21.875,98.605,8.0
2019-11-14 17:24:21.877,98.605,13.0
2019-11-14 17:24:21.877,98.605,1.0
2019-11-14 17:24:21.877,98.605,1.0
2019-11-14 17:24:21.887,98.605,2.0
2019-11-14 17:24:24.295,98.605,2.0
2019-11-14 17:24:24.295,98.605,2.0
2019-11-14 17:24:24.295,98.605,10.0
2019-11-14 17:24:24.297,98.605,12.0
2019-11-14 17:24:25.197,98.605,6.0
2019-11-14 17:24:25.205,98.605,7.0
2019-11-14 17:24:25.215,98.605,1.0
2019-11-14 17:24:25.215,98.605,2.0
2019-11-14 17:24:25.215,98.605,6.0
2019-11-14 17:24:25.215,98.605,4.0
2019-11-14 17:24:25.215,98.605,10.0
2019-11-14 17:24:25.315,98.605,6.0
2019-11-14 17:24:25.317,98.605,9.0
2019-11-14 17:24:26.817,98.605,4.0
2019-11-14 17:24:26.825,98.605,12.0
2019-11-14 17:24:26.825,98.605,26.0
2019-11-14 17:24:26.825,98.605,3.0
2019-11-14 17:24:26.835,98.605,15.0
2019-11-14 17:24:26.835,98.605,15.0
2019-11-14 17:24:31.406,98.605,2.0
2019-11-14 17:24:31.415,98.605,13.0
2019-11-14 17:24:31.415,98.605,15.0
2019-11-14 17:24:31.436,98.605,15.0
2019-11-14 17:24:31.436,98.605,10.0
2019-11-14 17:24:31.436,98.605,6.0
2019-11-14 17:24:31.436,98.605,5.0
2019-11-14 17:24:31.445,98.605,6.0
2019-11-14 17:24:31.447,98.605,5.0
2019-11-14 17:24:31.447,98.605,6.0
2019-11-14 17:24:31.456,98.605,7.0
2019-11-14 17:24:31.467,98.605,5.0
2019-11-14 17:30:08.896,98.605,11.0
2019-11-14 17:31:55.538,98.605,5.0
2019-11-14 17:50:25.112,98.605,37.0
2019-11-14 17:50:25.112,98.605,14.0
2019-11-14 18:43:56.144,98.605,1.0
2019-11-14 18:45:37.090,98.605,14.0
2019-11-14 18:45:37.102,98.605,15.0
2019-11-14 18:57:56.237,98.61,50.0
2019-11-14 18:57:56.439,98.61,1.0
2019-11-14 18:57:56.449,98.61,1.0
2019-11-14 18:57:56.449,98.61,3.0
2019-11-14 18:57:56.449,98.61,4.0
2019-11-14 18:57:56.450,98.61,1.0
2019-11-14 18:57:56.455,98.61,1.0
2019-11-14 18:57:56.457,98.61,1.0
2019-11-14 18:57:56.457,98.61,1.0
2019-11-14 18:57:56.457,98.61,1.0
2019-11-14 18:57:56.470,98.61,3.0
2019-11-14 18:57:56.470,98.61,1.0
2019-11-14 18:57:56.470,98.61,1.0
2019-11-14 18:57:56.470,98.61,1.0
2019-11-14 18:57:56.476,98.61,1.0
2019-11-14 18:57:56.476,98.61,2.0
2019-11-14 18:57:56.477,98.61,2.0
2019-11-14 18:57:56.477,98.61,2.0
2019-11-14 18:57:56.477,98.61,2.0
2019-11-14 18:57:56.477,98.61,5.0
2019-11-14 18:57:56.477,98.61,22.0
2019-11-14 18:57:56.485,98.61,3.0
2019-11-14 18:57:56.485,98.61,2.0
2019-11-14 18:57:56.486,98.61,1.0
2019-11-14 18:57:56.486,98.61,8.0
2019-11-14 18:57:56.486,98.61,1.0
2019-11-14 18:57:56.486,98.61,1.0
2019-11-14 18:57:56.486,98.61,2.0
2019-11-14 18:57:56.487,98.61,1.0
2019-11-14 18:57:56.487,98.61,1.0
2019-11-14 18:57:56.487,98.61,1.0
2019-11-14 18:57:56.495,98.61,2.0
2019-11-14 18:57:56.497,98.61,5.0
2019-11-14 18:57:56.497,98.61,1.0
2019-11-14 18:57:56.497,98.61,2.0
2019-11-14 18:57:56.497,98.61,1.0
2019-11-14 18:57:56.497,98.61,1.0
2019-11-14 18:57:56.497,98.61,1.0
2019-11-14 18:57:56.497,98.61,2.0
2019-11-14 18:57:56.497,98.61,1.0
2019-11-14 18:57:56.507,98.61,1.0
2019-11-14 18:57:56.507,98.61,1.0
2019-11-14 18:57:56.507,98.61,2.0
2019-11-14 18:57:56.507,98.61,1.0
2019-11-14 18:57:56.507,98.61,2.0
2019-11-14 18:57:56.507,98.61,1.0
2019-11-14 18:57:56.507,98.61,1.0
2019-11-14 18:57:56.507,98.61,1.0
2019-11-14 18:57:56.507,98.61,1.0
2019-11-14 18:57:56.527,98.61,23.0
2019-11-14 18:57:56.527,98.61,4.0
2019-11-14 18:57:56.527,98.61,3.0
2019-11-14 18:57:56.527,98.61,1.0
2019-11-14 18:57:56.527,98.61,1.0
2019-11-14 18:57:56.535,98.61,1.0
2019-11-14 18:57:56.535,98.61,1.0
2019-11-14 18:57:56.535,98.61,5.0
2019-11-14 18:57:56.600,98.61,11.0
2019-11-14 18:57:56.627,98.61,1.0
2019-11-14 18:57:56.627,98.61,8.0
2019-11-14 18:57:56.687,98.61,1.0
2019-11-14 18:57:56.697,98.61,4.0
2019-11-14 18:57:56.697,98.61,1.0
2019-11-14 18:57:58.976,98.61,108.0
2019-11-14 18:58:34.646,98.61,1.0
2019-11-14 18:58:38.037,98.61,58.0
2019-11-14 18:59:33.601,98.61,117.0
2019-11-14 19:04:37.881,,4.0
2019-11-14 19:04:39.601,98.605,120.0
2019-11-14 19:06:05.277,98.605,1.0
2019-11-14 19:09:21.485,,31.0
2019-11-14 19:09:21.505,,28.0
2019-11-14 19:09:21.505,,44.0
2019-11-14 19:09:21.505,,15.0
2019-11-14 19:09:21.515,,18.0
2019-11-14 19:09:21.515,,14.0
2019-11-14 19:13:04.335,98.605,5.0
2019-11-14 19:27:11.396,98.605,70.0
2019-11-14 20:00:27.038,98.605,40.0
2019-11-14 20:14:48.361,98.6,11.0
2019-11-14 20:38:08.377,98.6,4.0
2019-11-14 20:59:59.549,98.605,3.0
2019-11-14 21:20:03.835,98.605,125.0
2019-11-14 21:44:04.118,98.605,47.0
2019-11-14 21:44:24.467,98.605,1.0
2019-11-14 21:44:24.467,98.605,45.0
2019-11-14 21:58:05.263,98.605,1.0
2019-11-14 23:01:53.684,98.605,1.0
2019-11-14 23:10:38.485,98.6,7.0
2019-11-14 23:10:38.485,98.6,1.0
2019-11-14 23:10:38.485,98.6,3.0
2019-11-14 23:10:38.487,98.6,2.0
2019-11-14 23:10:38.497,98.6,1.0
2019-11-14 23:31:06.105,98.6,22.0
2019-11-14 23:31:06.115,98.6,19.0
2019-11-14 23:41:47.330,98.595,4.0
2019-11-15 00:04:19.874,98.595,7.0
2019-11-15 00:38:57.453,98.59,1.0
2019-11-15 00:54:02.247,98.59,1.0
2019-11-15 00:54:02.257,98.59,1.0
2019-11-15 02:00:44.434,98.59,1.0
2019-11-15 02:00:44.976,98.59,1.0
2019-11-15 02:27:51.533,98.59,2.0
2019-11-15 02:58:01.688,98.59,2.0
2019-11-15 02:58:01.688,98.59,2.0
2019-11-15 02:58:01.688,98.59,1.0
2019-11-15 02:58:01.698,98.59,6.0
2019-11-15 02:58:23.577,98.59,1.0
2019-11-15 02:58:23.599,98.59,2.0
2019-11-15 06:59:54.584,98.585,7.0
2019-11-15 06:59:54.602,98.585,2.0
2019-11-15 06:59:54.602,98.585,1.0
2019-11-15 07:13:02.395,98.59,5.0
2019-11-15 07:13:02.395,98.59,3.0
2019-11-15 07:57:32.288,98.59,5.0
2019-11-15 08:00:30.467,98.59,5.0
2019-11-15 08:08:57.151,98.595,5.0
2019-11-15 08:08:57.179,98.595,5.0
2019-11-15 08:09:08.242,98.595,21.0
2019-11-15 08:10:55.161,98.6,2.0
2019-11-15 08:10:55.163,98.6,16.0
2019-11-15 08:10:55.181,98.6,23.0
2019-11-15 08:10:55.203,98.6,13.0
2019-11-15 08:14:24.096,98.6,4.0
2019-11-15 08:14:51.732,98.6,2.0
2019-11-15 08:18:49.511,98.605,5.0
2019-11-15 08:31:24.334,98.6,20.0
2019-11-15 08:31:24.344,98.6,4.0
2019-11-15 08:52:33.516,98.6,9.0
2019-11-15 08:52:33.516,98.6,13.0
2019-11-15 08:52:33.614,98.6,9.0
2019-11-15 09:02:23.306,98.595,5.0
2019-11-15 09:02:26.887,98.595,2.0
2019-11-15 09:02:47.736,98.595,5.0
2019-11-15 09:27:37.057,98.59,5.0
2019-11-15 09:43:25.984,98.59,1.0
2019-11-15 09:58:58.717,98.59,145.0
2019-11-15 09:58:58.757,98.59,156.0
2019-11-15 09:59:01.188,98.59,10.0
2019-11-15 10:32:10.829,98.595,5.0
2019-11-15 10:32:10.841,98.595,2.0
2019-11-15 10:32:10.841,98.595,6.0
2019-11-15 10:40:46.787,98.595,96.0
2019-11-15 10:52:44.844,98.595,7.0
2019-11-15 11:12:02.128,98.595,5.0
2019-11-15 11:36:31.236,98.59,7.0
2019-11-15 12:00:16.653,98.595,5.0
2019-11-15 12:00:16.683,98.595,3.0
2019-11-15 12:00:54.463,98.595,2.0
2019-11-15 12:00:54.463,98.595,3.0
2019-11-15 12:00:54.463,98.595,3.0
2019-11-15 12:00:54.463,98.595,2.0
2019-11-15 12:00:54.463,98.595,1.0
2019-11-15 12:00:54.463,98.595,1.0
2019-11-15 12:00:54.463,98.595,2.0
2019-11-15 12:00:54.463,98.595,1.0
2019-11-15 12:00:54.463,98.595,2.0
2019-11-15 12:00:54.463,98.595,1.0
2019-11-15 12:00:54.475,98.595,12.0
2019-11-15 12:00:54.485,98.595,6.0
2019-11-15 12:00:54.635,98.595,16.0
2019-11-15 12:00:54.973,98.595,10.0
2019-11-15 12:00:54.975,98.595,12.0
2019-11-15 12:40:02.971,98.585,5.0
2019-11-15 12:59:37.680,98.585,24.0
2019-11-15 13:11:55.032,98.585,34.0
2019-11-15 13:29:52.886,98.585,2.0
2019-11-15 13:29:53.386,98.585,2.0
2019-11-15 13:29:53.898,98.585,2.0
2019-11-15 13:29:54.396,98.585,2.0
2019-11-15 13:29:54.898,98.585,1.0
2019-11-15 13:30:00.039,98.585,1.0
2019-11-15 13:30:18.682,98.59,1.0
2019-11-15 13:30:19.480,98.59,1.0
2019-11-15 13:30:20.372,98.59,1.0
2019-11-15 13:31:00.377,,1.0
2019-11-15 13:32:34.131,98.59,49.0
2019-11-15 13:32:34.149,98.59,13.0
2019-11-15 14:00:04.522,98.59,10.0
2019-11-15 14:04:43.531,98.59,5.0
2019-11-15 14:04:43.531,,5.0
2019-11-15 14:15:22.693,98.59,4.0
2019-11-15 14:15:27.053,98.59,10.0
2019-11-15 14:22:34.110,98.585,2.0
2019-11-15 14:23:23.610,98.585,13.0
2019-11-15 14:28:27.932,98.58,1.0
2019-11-15 14:28:27.942,98.58,1.0
2019-11-15 14:28:27.942,98.58,1.0
2019-11-15 14:28:28.930,98.58,1.0
2019-11-15 14:28:28.942,98.58,17.0
2019-11-15 14:28:30.010,98.58,10.0
2019-11-15 14:28:42.933,98.58,1.0
2019-11-15 14:32:47.649,98.58,34.0
2019-11-15 14:44:47.124,98.58,27.0
2019-11-15 14:51:26.100,98.58,5.0
2019-11-15 14:51:26.119,98.58,101.0
2019-11-15 14:51:26.119,98.58,28.0
2019-11-15 14:56:40.013,98.58,100.0
2019-11-15 15:10:00.449,98.58,53.0
2019-11-15 15:29:29.599,98.585,22.0
2019-11-15 15:29:29.709,98.585,10.0
2019-11-15 15:38:51.595,98.585,5.0
2019-11-15 15:45:35.616,98.585,266.0
2019-11-15 15:46:28.525,98.585,3.0
2019-11-15 16:00:58.086,98.585,14.0
2019-11-15 16:10:12.898,98.585,2.0
2019-11-15 16:10:18.216,98.585,56.0
2019-11-15 17:05:41.869,98.585,1.0
2019-11-15 17:09:41.056,,2.0
2019-11-15 17:15:34.867,98.585,1.0
2019-11-15 17:15:34.877,98.585,2.0
2019-11-15 17:15:34.877,98.585,25.0
2019-11-15 17:22:47.773,98.585,124.0
2019-11-15 17:34:25.615,,3.0
2019-11-15 17:47:37.501,98.59,74.0
2019-11-15 18:02:25.050,98.59,10.0
2019-11-15 18:02:25.050,98.59,94.0
2019-11-15 18:02:25.052,98.59,6.0
2019-11-15 18:16:57.726,98.59,6.0
2019-11-15 18:27:24.218,98.59,1.0
2019-11-15 18:27:24.228,98.59,41.0
2019-11-15 18:31:48.116,98.59,4.0
2019-11-15 18:31:48.124,98.59,7.0
2019-11-15 18:31:48.125,98.59,11.0
2019-11-15 21:58:16.532,98.59,1.0
2019-11-17 23:19:59.023,98.59,2.0
2019-11-17 23:29:06.839,98.595,3.0
2019-11-17 23:30:01.734,98.595,3.0
2019-11-17 23:30:08.431,98.595,3.0
2019-11-17 23:30:09.932,98.595,3.0
2019-11-17 23:30:11.531,98.595,3.0
2019-11-17 23:30:22.431,98.595,3.0
2019-11-17 23:33:41.920,98.595,1.0
2019-11-17 23:33:46.028,98.595,2.0
2019-11-18 01:20:54.096,98.595,1.0
2019-11-18 01:20:54.096,98.595,49.0
2019-11-18 01:21:13.351,98.595,1.0
2019-11-18 01:21:13.351,98.595,49.0
2019-11-18 07:17:06.186,98.585,22.0
2019-11-18 07:31:30.774,98.58,3.0
2019-11-18 07:31:30.782,98.58,7.0
2019-11-18 08:00:02.054,98.58,10.0
2019-11-18 08:05:56.444,98.58,23.0
2019-11-18 08:05:56.444,98.58,1.0
2019-11-18 08:05:56.452,98.58,2.0
2019-11-18 08:13:46.095,98.575,15.0
2019-11-18 08:49:37.852,98.575,5.0
2019-11-18 08:56:41.051,,1.0
2019-11-18 09:03:14.967,98.575,10.0
2019-11-18 09:03:14.967,98.575,71.0
2019-11-18 09:21:46.707,98.575,5.0
2019-11-18 09:52:48.904,,1.0
2019-11-18 09:52:48.904,,1.0
2019-11-18 09:52:49.056,,3.0
2019-11-18 11:00:23.522,,2.0
2019-11-18 11:03:00.820,,1.0
2019-11-18 11:03:00.831,,2.0
2019-11-18 11:03:00.841,,1.0
2019-11-18 11:03:00.861,,1.0
2019-11-18 11:03:00.901,,1.0
2019-11-18 11:03:00.901,,1.0
2019-11-18 11:03:00.901,,1.0
2019-11-18 11:03:00.901,,1.0
2019-11-18 11:16:01.494,98.575,5.0
2019-11-18 11:57:23.978,,2.0
2019-11-18 11:57:23.978,,1.0
2019-11-18 11:57:23.978,,1.0
2019-11-18 11:57:23.978,,2.0
2019-11-18 11:57:25.178,,1.0
2019-11-18 12:15:58.354,98.57,7.0
2019-11-18 12:15:58.364,98.57,8.0
2019-11-18 12:15:58.382,,1.0
2019-11-18 12:15:58.382,,4.0
2019-11-18 12:15:58.382,,3.0
2019-11-18 12:15:58.382,,2.0
2019-11-18 12:15:58.394,,2.0
2019-11-18 12:15:58.394,,1.0
2019-11-18 12:15:58.551,98.57,1.0
2019-11-18 12:15:58.551,98.57,12.0
2019-11-18 12:15:58.551,98.57,27.0
2019-11-18 12:15:58.563,98.57,1.0
2019-11-18 12:16:00.863,98.57,1.0
2019-11-18 12:16:25.922,,1.0
2019-11-18 12:16:25.922,,3.0
2019-11-18 12:16:25.922,,1.0
2019-11-18 12:16:26.173,,1.0
2019-11-18 12:16:27.002,,1.0
2019-11-18 12:31:44.417,98.57,7.0
2019-11-18 12:31:51.967,98.57,1.0
2019-11-18 12:33:06.032,98.57,5.0
2019-11-18 12:33:06.050,,2.0
2019-11-18 12:33:06.072,98.57,5.0
2019-11-18 12:50:20.829,98.57,35.0
2019-11-18 13:04:34.397,98.57,10.0
2019-11-18 13:04:47.168,98.57,1.0
2019-11-18 13:05:17.844,98.57,50.0
2019-11-18 13:05:17.846,98.57,5.0
2019-11-18 13:05:47.894,98.57,11.0
2019-11-18 13:15:45.818,98.57,10.0
2019-11-18 13:18:26.108,98.57,1.0
2019-11-18 13:19:25.306,98.575,5.0
2019-11-18 13:19:25.307,98.575,18.0
2019-11-18 13:19:25.307,98.575,15.0
2019-11-18 13:19:25.307,98.575,1.0
2019-11-18 13:19:25.307,98.575,8.0
2019-11-18 13:19:25.317,98.575,2.0
2019-11-18 13:19:25.317,98.575,4.0
2019-11-18 13:19:25.327,98.575,46.0
2019-11-18 13:19:25.327,98.575,50.0
2019-11-18 13:19:29.898,98.575,100.0
2019-11-18 13:21:02.677,98.575,3.0
2019-11-18 13:21:02.677,98.575,17.0
2019-11-18 13:21:30.397,98.58,5.0
2019-11-18 13:21:30.397,98.58,2.0
2019-11-18 13:21:30.397,98.58,2.0
2019-11-18 13:21:30.397,98.58,2.0
2019-11-18 13:21:30.407,98.58,3.0
2019-11-18 13:21:30.407,98.58,2.0
2019-11-18 13:21:30.917,98.58,1.0
2019-11-18 13:21:31.197,98.58,1.0
2019-11-18 13:21:31.197,98.58,1.0
2019-11-18 13:21:31.197,98.58,1.0
2019-11-18 13:21:31.199,98.58,7.0
2019-11-18 13:21:36.928,,4.0
2019-11-18 13:21:36.928,,2.0
2019-11-18 13:21:37.038,,4.0
2019-11-18 13:21:38.206,98.58,10.0
2019-11-18 13:21:38.308,98.58,14.0
2019-11-18 13:22:10.177,98.58,5.0
2019-11-18 13:22:10.187,98.58,33.0
2019-11-18 13:22:19.375,98.58,1.0
2019-11-18 13:22:19.377,98.58,51.0
2019-11-18 13:22:28.466,98.58,4.0
2019-11-18 13:23:20.821,98.58,10.0
2019-11-18 13:23:20.831,98.58,12.0
2019-11-18 13:23:20.831,98.58,33.0
2019-11-18 13:24:01.498,98.58,1.0
2019-11-18 13:25:57.182,98.585,1.0
2019-11-18 13:26:14.681,98.585,8.0
2019-11-18 13:26:16.531,98.585,60.0
2019-11-18 13:26:59.870,,1.0
2019-11-18 13:27:53.564,98.59,1.0
2019-11-18 13:27:57.073,98.59,6.0
2019-11-18 13:29:42.837,98.595,2.0
2019-11-18 13:29:47.609,98.595,4.0
2019-11-18 13:31:58.424,,1.0
2019-11-18 13:31:58.444,,41.0
2019-11-18 13:32:05.112,98.595,79.0
2019-11-18 13:34:29.462,98.595,25.0
2019-11-18 13:34:29.740,98.595,8.0
2019-11-18 13:38:04.649,98.595,20.0
2019-11-18 13:40:22.612,98.595,19.0
2019-11-18 13:46:20.674,98.595,100.0
2019-11-18 13:52:59.884,98.59,4.0
2019-11-18 13:52:59.894,98.59,8.0
2019-11-18 13:53:00.394,98.59,3.0
2019-11-18 13:53:00.394,98.59,81.0
2019-11-18 13:53:02.153,98.59,27.0
2019-11-18 13:59:58.282,98.59,10.0
2019-11-18 14:00:01.542,98.59,1.0
2019-11-18 14:00:01.552,98.59,27.0
2019-11-18 14:08:02.786,98.595,10.0
2019-11-18 14:09:34.567,98.595,10.0
2019-11-18 14:09:34.579,98.595,140.0
2019-11-18 14:09:50.940,98.595,7.0
2019-11-18 14:16:23.917,98.595,22.0
2019-11-18 14:22:17.070,,50.0
2019-11-18 14:22:17.120,,2.0
2019-11-18 14:22:17.138,98.6,1.0
2019-11-18 14:22:17.160,98.6,9.0
2019-11-18 14:22:25.139,98.6,116.0
2019-11-18 14:24:11.712,98.6,14.0
2019-11-18 14:24:18.482,98.6,1.0
2019-11-18 14:26:30.334,,10.0
2019-11-18 14:26:30.346,,40.0
2019-11-18 14:26:45.204,,10.0
2019-11-18 14:28:56.524,,5.0
2019-11-18 14:34:28.343,98.605,10.0
2019-11-18 14:35:31.556,,10.0
2019-11-18 14:35:31.564,,5.0
2019-11-18 14:36:03.277,98.605,20.0
2019-11-18 14:36:03.285,98.605,1.0
2019-11-18 14:36:03.345,98.605,1.0
2019-11-18 14:36:03.355,98.605,1.0
2019-11-18 14:36:03.357,98.605,50.0
2019-11-18 14:36:25.685,98.605,10.0
2019-11-18 14:37:46.817,98.605,10.0
2019-11-18 14:40:22.191,,10.0
2019-11-18 14:42:43.301,98.605,1.0
2019-11-18 14:42:44.191,,4.0
2019-11-18 14:45:19.390,98.605,10.0
2019-11-18 14:46:00.883,,15.0
2019-11-18 14:46:00.893,,35.0
2019-11-18 14:48:16.401,98.6,7.0
2019-11-18 14:48:16.401,,23.0
2019-11-18 14:49:21.101,,10.0
2019-11-18 14:59:00.133,,10.0
2019-11-18 14:59:00.193,,15.0
2019-11-18 14:59:39.463,98.6,8.0
2019-11-18 15:00:07.764,98.6,12.0
2019-11-18 15:00:07.796,98.6,1.0
2019-11-18 15:00:07.796,98.6,2.0
2019-11-18 15:00:07.806,98.6,7.0
2019-11-18 15:00:24.299,98.6,5.0
2019-11-18 15:06:21.350,98.6,2.0
2019-11-18 15:06:21.350,98.6,12.0
2019-11-18 15:06:48.099,98.6,176.0
2019-11-18 15:07:21.329,98.6,10.0
2019-11-18 15:11:05.170,98.6,10.0
2019-11-18 15:11:05.190,98.6,229.0
2019-11-18 15:29:27.449,98.605,45.0
2019-11-18 15:29:27.449,,20.0
2019-11-18 15:29:27.459,,35.0
2019-11-18 15:35:42.850,98.605,10.0
2019-11-18 15:54:51.551,98.605,50.0
2019-11-18 15:54:51.559,98.605,1.0
2019-11-18 15:56:46.231,98.605,10.0
2019-11-18 15:56:59.101,98.605,4.0
2019-11-18 15:57:08.170,98.605,4.0
2019-11-18 15:57:08.180,98.605,30.0
2019-11-18 16:00:00.279,98.605,2.0
2019-11-18 16:00:00.298,98.605,2.0
2019-11-18 16:02:12.539,98.605,100.0
2019-11-18 16:02:40.910,98.605,2.0
2019-11-18 16:10:52.685,,2.0
2019-11-18 16:11:35.930,98.605,2.0
2019-11-18 16:13:54.326,98.605,2.0
2019-11-18 16:18:18.331,98.605,6.0
2019-11-18 16:19:22.483,98.605,1.0
2019-11-18 16:19:22.515,98.605,1.0
2019-11-18 16:19:22.515,98.605,2.0
2019-11-18 16:19:26.761,98.605,21.0
2019-11-18 16:21:55.731,98.605,10.0
2019-11-18 16:31:11.473,98.605,20.0
2019-11-18 16:38:00.426,,7.0
2019-11-18 16:45:46.185,98.605,13.0
2019-11-18 16:45:46.185,98.605,38.0
2019-11-18 16:45:46.204,98.605,3.0
2019-11-18 16:54:00.223,98.605,1.0
2019-11-18 16:55:10.718,98.605,59.0
2019-11-18 16:56:08.765,98.605,3.0
2019-11-18 16:56:08.777,,23.0
2019-11-18 16:58:25.980,98.605,10.0
2019-11-18 17:00:01.724,98.605,13.0
2019-11-18 17:01:21.029,98.605,10.0
2019-11-18 17:05:04.246,98.605,10.0
2019-11-18 17:05:04.246,98.605,10.0
2019-11-18 17:06:31.499,98.605,3.0
2019-11-18 17:06:31.509,98.605,1.0
2019-11-18 17:11:04.687,,14.0
2019-11-18 17:23:26.576,98.605,6.0
2019-11-18 17:28:46.076,98.605,10.0
2019-11-18 17:33:42.430,98.605,5.0
2019-11-18 17:33:43.920,98.605,6.0
2019-11-18 17:36:36.927,98.605,6.0
2019-11-18 17:36:36.929,98.605,50.0
2019-11-18 17:36:36.967,98.605,12.0
2019-11-18 17:36:36.969,98.605,1.0
2019-11-18 17:36:36.969,98.605,1.0
2019-11-18 17:36:36.969,98.605,1.0
2019-11-18 17:56:08.769,98.605,10.0
2019-11-18 18:29:20.953,,29.0
2019-11-18 18:43:34.983,98.605,14.0
2019-11-18 18:43:57.543,98.605,25.0
2019-11-18 18:43:57.543,98.605,33.0
2019-11-18 18:47:00.154,98.605,16.0
2019-11-18 18:47:00.154,98.605,10.0
2019-11-18 19:09:25.925,98.605,30.0
2019-11-18 19:15:00.381,98.6,1.0
2019-11-18 19:15:00.383,98.6,2.0
2019-11-18 19:15:00.383,98.6,1.0
2019-11-18 19:31:00.995,98.6,10.0
2019-11-18 19:31:19.694,98.6,2.0
2019-11-18 19:34:51.497,98.6,2.0
2019-11-18 19:34:51.527,98.6,2.0
2019-11-18 19:35:49.363,98.6,17.0
2019-11-18 19:35:49.363,98.6,22.0
2019-11-18 19:45:06.462,98.6,10.0
2019-11-18 20:09:40.059,98.6,1.0
2019-11-18 20:09:40.071,98.6,1.0
2019-11-18 20:09:40.071,98.6,1.0
2019-11-18 20:45:09.179,98.6,4.0
2019-11-18 20:46:31.264,98.6,1.0
2019-11-18 20:47:22.262,98.6,2.0
2019-11-18 20:47:22.284,98.6,2.0
2019-11-18 20:51:02.936,98.605,48.0
2019-11-18 20:51:03.016,98.605,2.0
2019-11-18 20:51:05.045,98.605,1.0
2019-11-18 20:51:06.704,98.605,3.0
2019-11-18 21:15:19.567,98.6,1.0
2019-11-18 21:15:29.008,98.6,4.0
2019-11-18 21:15:29.048,98.6,10.0
2019-11-18 21:25:04.270,98.6,1.0
2019-11-18 21:25:04.281,98.6,2.0
2019-11-18 21:25:04.281,98.6,1.0
2019-11-18 21:27:32.297,98.6,1.0
2019-11-18 21:30:05.435,98.6,9.0
2019-11-18 21:37:25.450,98.6,1.0
2019-11-18 21:37:54.735,98.6,2.0
2019-11-18 21:37:56.255,98.6,2.0
2019-11-18 21:37:56.263,98.6,17.0
2019-11-18 21:37:56.265,98.6,1.0
2019-11-18 21:53:00.691,98.6,3.0
2019-11-18 21:56:45.378,98.6,1.0
2019-11-18 21:58:00.614,98.6,9.0
2019-11-19 00:47:28.126,98.605,5.0
2019-11-19 06:27:11.434,98.59,8.0
2019-11-19 06:27:11.446,98.59,2.0
2019-11-19 06:37:28.566,98.59,8.0
2019-11-19 07:18:00.218,98.59,14.0
2019-11-19 07:30:08.730,98.59,7.0
2019-11-19 07:39:19.704,98.59,77.0
2019-11-19 07:39:19.724,98.59,23.0
2019-11-19 07:42:13.321,98.59,10.0
2019-11-19 07:56:56.685,98.585,25.0
2019-11-19 07:56:56.695,98.585,37.0
2019-11-19 07:56:56.695,98.585,44.0
2019-11-19 07:57:36.622,98.585,2.0
2019-11-19 08:03:47.807,98.585,10.0
2019-11-19 08:15:12.720,98.585,1.0
2019-11-19 08:33:01.096,98.585,5.0
2019-11-19 08:48:08.540,98.585,5.0
2019-11-19 08:48:20.359,98.585,5.0
2019-11-19 08:59:14.255,98.585,5.0
2019-11-19 08:59:27.816,98.585,5.0
2019-11-19 09:30:55.969,98.585,5.0
2019-11-19 09:42:33.149,98.585,5.0
2019-11-19 11:03:12.505,98.585,5.0
2019-11-19 11:52:15.593,98.59,10.0
2019-11-19 12:07:46.744,98.595,29.0
2019-11-19 12:07:47.394,98.595,4.0
2019-11-19 12:07:47.404,98.595,1.0
2019-11-19 12:07:48.414,98.595,1.0
2019-11-19 12:07:56.433,98.595,1.0
2019-11-19 12:08:26.762,98.595,1.0
2019-11-19 12:08:31.452,98.595,2.0
2019-11-19 12:20:46.892,98.595,1.0
2019-11-19 12:35:41.439,98.595,1.0
2019-11-19 12:38:53.941,98.595,1.0
2019-11-19 12:41:20.751,98.595,3.0
2019-11-19 12:46:26.171,98.595,1.0
2019-11-19 12:46:26.179,98.595,54.0
2019-11-19 12:46:26.199,98.595,10.0
2019-11-19 12:46:40.419,98.595,3.0
2019-11-19 13:15:50.209,98.595,102.0
2019-11-19 13:15:50.291,98.595,12.0
2019-11-19 13:15:50.371,98.595,2.0
2019-11-19 13:15:50.409,98.595,20.0
2019-11-19 13:29:55.089,98.6,64.0
2019-11-19 13:37:37.682,98.595,33.0
2019-11-19 13:37:37.684,98.595,3.0
2019-11-19 13:42:42.316,98.6,3.0
2019-11-19 13:44:32.396,98.6,60.0
2019-11-19 13:59:50.968,,1.0
2019-11-19 13:59:53.298,,1.0
2019-11-19 14:00:58.231,,2.0
2019-11-19 14:00:58.242,,3.0
2019-11-19 14:00:58.242,,1.0
2019-11-19 14:02:28.393,,2.0
2019-11-19 14:10:58.009,98.6,32.0
2019-11-19 14:10:58.019,98.6,3.0
2019-11-19 14:10:58.019,98.6,3.0
2019-11-19 14:10:58.019,98.6,6.0
2019-11-19 14:10:58.027,98.6,1.0
2019-11-19 14:10:58.027,98.6,3.0
2019-11-19 14:10:58.027,98.6,3.0
2019-11-19 14:10:58.027,98.6,3.0
2019-11-19 14:10:58.027,98.6,1.0
2019-11-19 14:10:58.027,98.6,1.0
2019-11-19 14:10:58.027,98.6,2.0
2019-11-19 14:10:58.027,98.6,1.0
2019-11-19 14:10:58.027,98.6,2.0
2019-11-19 14:10:58.027,98.6,1.0
2019-11-19 14:10:58.027,98.6,1.0
2019-11-19 14:10:58.027,98.6,2.0
2019-11-19 14:10:58.027,98.6,23.0
2019-11-19 14:10:58.109,98.6,4.0
2019-11-19 14:10:58.119,98.6,1.0
2019-11-19 14:10:58.159,98.6,5.0
2019-11-19 14:10:58.269,98.6,3.0
2019-11-19 14:10:59.359,98.6,1.0
2019-11-19 14:14:35.749,98.6,5.0
2019-11-19 14:14:35.849,98.6,10.0
2019-11-19 14:15:03.067,,2.0
2019-11-19 14:16:05.283,98.6,10.0
2019-11-19 14:16:05.294,98.6,10.0
2019-11-19 14:16:05.294,98.6,1.0
2019-11-19 14:16:39.804,98.6,2.0
2019-11-19 14:17:07.443,98.6,1.0
2019-11-19 14:17:17.074,98.6,1.0
2019-11-19 14:17:46.553,,1.0
2019-11-19 14:17:46.561,,9.0
2019-11-19 14:19:37.874,98.6,6.0
2019-11-19 14:20:56.081,98.6,5.0
2019-11-19 14:22:58.036,98.6,6.0
2019-11-19 14:23:27.621,98.6,1.0
2019-11-19 14:23:27.633,98.6,2.0
2019-11-19 14:23:27.633,98.6,1.0
2019-11-19 14:23:37.792,98.6,3.0
2019-11-19 14:25:27.594,98.6,2.0
2019-11-19 14:25:27.594,98.6,2.0
2019-11-19 14:25:27.646,98.6,2.0
2019-11-19 14:25:27.654,98.6,4.0
2019-11-19 14:26:24.514,98.6,240.0
2019-11-19 14:30:02.060,98.6,1.0
2019-11-19 14:30:56.200,98.6,10.0
2019-11-19 14:30:57.110,98.6,1.0
2019-11-19 14:30:57.110,98.6,19.0
2019-11-19 14:31:11.708,98.6,20.0
2019-11-19 14:31:14.727,98.6,80.0
2019-11-19 14:42:25.500,98.6,3.0
2019-11-19 14:42:25.500,98.6,1.0
2019-11-19 14:42:25.501,98.6,4.0
2019-11-19 14:52:17.389,98.605,10.0
2019-11-19 14:59:16.408,98.605,1.0
2019-11-19 14:59:16.408,98.605,1.0
2019-11-19 14:59:16.408,98.605,1.0
2019-11-19 14:59:16.408,98.605,1.0
2019-11-19 14:59:16.408,98.605,1.0
2019-11-19 14:59:16.408,98.605,1.0
2019-11-19 14:59:16.408,98.605,3.0
2019-11-19 14:59:16.410,98.605,1.0
2019-11-19 14:59:16.418,98.605,7.0
2019-11-19 14:59:16.420,98.605,1.0
2019-11-19 14:59:16.420,98.605,1.0
2019-11-19 15:01:04.836,,10.0
2019-11-19 15:01:04.845,,10.0
2019-11-19 15:01:04.845,,10.0
2019-11-19 15:01:04.856,,10.0
2019-11-19 15:01:04.856,,10.0
2019-11-19 15:01:51.089,98.605,10.0
2019-11-19 15:03:27.172,98.605,14.0
2019-11-19 15:03:58.083,98.605,1.0
2019-11-19 15:03:58.093,98.605,9.0
2019-11-19 15:04:14.892,98.605,4.0
2019-11-19 15:04:46.453,98.605,64.0
2019-11-19 15:04:46.471,98.605,4.0
2019-11-19 15:04:46.481,98.605,3.0
2019-11-19 15:05:24.226,98.605,2.0
2019-11-19 15:05:24.236,98.605,78.0
2019-11-19 15:12:16.443,98.605,20.0
2019-11-19 15:14:15.528,98.605,20.0
2019-11-19 15:14:15.548,98.605,8.0
2019-11-19 15:14:15.558,98.605,246.0
2019-11-19 15:14:15.576,98.605,60.0
2019-11-19 15:14:15.588,98.605,10.0
2019-11-19 15:14:15.596,98.605,83.0
2019-11-19 15:14:15.638,98.605,10.0
2019-11-19 15:14:16.318,98.605,10.0
2019-11-19 15:14:30.009,98.605,10.0
2019-11-19 15:14:30.047,98.605,10.0
2019-11-19 15:14:32.027,98.605,3.0
2019-11-19 15:14:54.617,98.605,13.0
2019-11-19 15:15:19.347,98.605,15.0
2019-11-19 15:15:19.347,,10.0
2019-11-19 15:16:25.167,,10.0
2019-11-19 15:18:56.648,98.605,13.0
2019-11-19 15:21:27.294,98.605,15.0
2019-11-19 15:21:27.346,98.605,8.0
2019-11-19 15:29:19.838,,1.0
2019-11-19 15:29:42.077,,1.0
2019-11-19 15:30:09.315,98.605,10.0
2019-11-19 15:31:53.239,98.605,10.0
2019-11-19 15:37:00.920,,10.0
2019-11-19 15:37:04.062,,15.0
2019-11-19 15:48:49.121,98.61,10.0
2019-11-19 15:51:41.753,98.615,148.0
2019-11-19 15:51:41.774,98.615,52.0
2019-11-19 15:51:42.033,,10.0
2019-11-19 15:51:42.043,,9.0
2019-11-19 15:51:49.735,98.615,1.0
2019-11-19 15:53:45.392,98.615,1.0
2019-11-19 15:54:06.092,,2.0
2019-11-19 15:56:32.662,,29.0
2019-11-19 16:03:08.751,98.615,20.0
2019-11-19 16:03:18.270,98.615,7.0
2019-11-19 16:03:18.270,98.615,40.0
2019-11-19 16:03:18.272,98.615,3.0
2019-11-19 16:03:18.282,,3.0
2019-11-19 16:03:18.292,98.615,29.0
2019-11-19 16:03:18.302,98.615,45.0
2019-11-19 16:03:29.712,98.615,10.0
2019-11-19 16:03:38.304,98.615,46.0
2019-11-19 16:14:02.922,98.615,124.0
2019-11-19 16:14:02.962,98.615,4.0
2019-11-19 16:14:02.980,98.615,70.0
2019-11-19 16:15:11.374,,1.0
2019-11-19 16:15:30.837,98.615,10.0
2019-11-19 16:38:35.178,98.61,2.0
2019-11-19 16:38:35.180,98.61,2.0
2019-11-19 16:38:35.188,98.61,1.0
2019-11-19 16:38:35.188,98.61,1.0
2019-11-19 16:38:35.188,98.61,2.0
2019-11-19 16:38:35.188,98.61,2.0
2019-11-19 16:38:35.188,98.61,3.0
2019-11-19 16:38:37.129,98.61,18.0
2019-11-19 16:39:05.318,98.605,10.0
2019-11-19 16:39:13.998,98.605,2.0
2019-11-19 16:39:14.007,98.605,2.0
2019-11-19 16:39:14.007,98.605,2.0
2019-11-19 16:39:14.007,98.605,1.0
2019-11-19 16:39:14.007,98.605,1.0
2019-11-19 16:39:14.007,98.605,1.0
2019-11-19 16:39:14.007,98.605,1.0
2019-11-19 16:39:14.007,98.605,1.0
2019-11-19 16:39:14.007,98.605,1.0
2019-11-19 16:39:14.007,98.605,1.0
2019-11-19 16:39:14.007,98.605,1.0
2019-11-19 16:39:14.007,98.605,1.0
2019-11-19 16:39:14.007,98.605,1.0
2019-11-19 16:39:14.007,98.605,1.0
2019-11-19 16:39:14.007,98.605,1.0
2019-11-19 16:39:14.007,98.605,1.0
2019-11-19 16:39:14.008,98.605,1.0
2019-11-19 16:39:14.008,98.605,1.0
2019-11-19 16:39:14.017,98.605,8.0
2019-11-19 16:50:28.377,98.61,10.0
2019-11-19 16:50:51.154,98.61,10.0
2019-11-19 16:51:42.367,98.61,8.0
2019-11-19 16:54:53.634,98.61,1.0
2019-11-19 16:59:25.520,98.61,35.0
2019-11-19 17:01:10.946,98.61,3.0
2019-11-19 17:05:16.063,,1.0
2019-11-19 17:20:54.231,,24.0
2019-11-19 17:27:04.932,98.615,26.0
2019-11-19 17:27:11.263,98.615,10.0
2019-11-19 17:27:36.237,98.615,20.0
2019-11-19 17:27:36.249,98.615,1.0
2019-11-19 17:28:08.699,,10.0
2019-11-19 17:37:17.679,98.615,65.0
2019-11-19 17:42:47.057,98.615,29.0
2019-11-19 17:42:58.600,,5.0
2019-11-19 17:43:11.501,,5.0
2019-11-19 17:48:50.231,98.615,19.0
2019-11-19 17:48:50.241,98.615,13.0
2019-11-19 17:48:50.249,98.615,6.0
2019-11-19 18:09:24.284,98.615,1.0
2019-11-19 18:09:33.794,98.615,9.0
2019-11-19 18:16:40.837,98.615,2.0
2019-11-19 18:16:40.845,98.615,157.0
2019-11-19 18:16:40.845,98.615,2.0
2019-11-19 18:16:40.845,98.615,8.0
2019-11-19 18:16:40.845,98.615,80.0
2019-11-19 18:20:09.165,98.615,10.0
2019-11-19 18:20:09.175,98.615,2.0
2019-11-19 18:20:16.307,98.615,10.0
2019-11-19 18:29:00.234,98.615,10.0
2019-11-19 18:29:18.814,98.615,1.0
2019-11-19 18:36:11.653,98.615,5.0
2019-11-19 18:36:11.653,98.615,7.0
2019-11-19 18:36:11.664,98.615,63.0
2019-11-19 18:36:11.695,98.615,1.0
2019-11-19 18:36:11.725,98.615,95.0
2019-11-19 18:38:27.776,98.615,125.0
2019-11-19 18:44:00.446,98.615,3.0
2019-11-19 18:44:03.697,98.615,10.0
2019-11-19 18:47:41.736,98.62,34.0
2019-11-19 18:52:45.078,98.62,10.0
2019-11-19 19:08:07.454,98.615,1.0
2019-11-19 19:08:08.352,98.615,1.0
2019-11-19 19:08:09.534,98.615,1.0
2019-11-19 19:08:10.034,98.615,1.0
2019-11-19 19:08:10.064,98.615,1.0
2019-11-19 19:08:10.775,98.615,1.0
2019-11-19 19:08:13.265,98.615,1.0
2019-11-19 19:08:13.813,98.615,37.0
2019-11-19 19:08:13.813,98.615,74.0
2019-11-19 19:08:13.823,98.615,10.0
2019-11-19 19:08:13.835,98.615,22.0
2019-11-19 19:08:20.073,98.615,100.0
2019-11-19 19:09:35.112,98.61,2.0
2019-11-19 19:09:59.863,98.61,9.0
2019-11-19 19:09:59.871,98.61,3.0
2019-11-19 19:13:09.084,98.61,5.0
2019-11-19 19:16:24.229,98.61,10.0
2019-11-19 19:17:48.344,98.61,10.0
2019-11-19 19:47:10.558,98.615,3.0
2019-11-19 19:53:49.345,98.615,8.0
2019-11-19 19:53:52.174,98.615,2.0
2019-11-19 19:54:12.451,98.615,1.0
2019-11-19 19:57:08.282,98.615,24.0
2019-11-19 19:57:19.665,98.615,1.0
2019-11-19 19:57:19.675,98.615,3.0
2019-11-19 19:57:19.675,98.615,1.0
2019-11-19 19:58:45.513,98.615,3.0
2019-11-19 19:59:09.129,98.615,67.0
2019-11-19 19:59:39.850,98.615,12.0
2019-11-19 19:59:40.018,98.615,2.0
2019-11-19 19:59:40.118,98.615,2.0
2019-11-19 19:59:40.228,98.615,2.0
2019-11-19 19:59:40.238,98.615,1.0
2019-11-19 19:59:40.260,98.615,1.0
2019-11-19 19:59:40.270,98.615,1.0
2019-11-19 19:59:40.898,98.615,2.0
2019-11-19 19:59:40.899,98.615,2.0
2019-11-19 19:59:40.908,98.615,2.0
2019-11-19 19:59:40.908,98.615,2.0
2019-11-19 19:59:40.910,98.615,2.0
2019-11-19 19:59:40.910,98.615,2.0
2019-11-19 19:59:40.910,98.615,1.0
2019-11-19 19:59:40.918,98.615,2.0
2019-11-19 19:59:41.018,98.615,2.0
2019-11-19 19:59:41.128,98.615,2.0
2019-11-19 19:59:41.128,98.615,1.0
2019-11-19 19:59:41.310,98.615,2.0
2019-11-19 19:59:41.758,98.615,2.0
2019-11-19 19:59:49.910,98.615,10.0
2019-11-19 20:00:41.621,98.615,2.0
2019-11-19 20:00:41.630,98.615,2.0
2019-11-19 20:00:41.632,98.615,2.0
2019-11-19 20:00:41.640,98.615,2.0
2019-11-19 20:00:41.640,98.615,2.0
2019-11-19 20:00:41.640,98.615,2.0
2019-11-19 20:00:41.640,98.615,2.0
2019-11-19 20:00:41.640,98.615,2.0
2019-11-19 20:00:41.650,98.615,2.0
2019-11-19 20:00:41.650,98.615,2.0
2019-11-19 20:00:41.652,98.615,2.0
2019-11-19 20:00:41.652,98.615,2.0
2019-11-19 20:00:41.660,98.615,2.0
2019-11-19 20:00:41.660,98.615,2.0
2019-11-19 20:00:41.662,98.615,2.0
2019-11-19 20:00:41.662,98.615,2.0
2019-11-19 20:00:41.662,98.615,2.0
2019-11-19 20:00:41.670,98.615,2.0
2019-11-19 20:00:41.670,98.615,2.0
2019-11-19 20:00:41.670,98.615,1.0
2019-11-19 20:00:41.671,98.615,2.0
2019-11-19 20:00:41.671,98.615,1.0
2019-11-19 20:00:44.792,98.615,10.0
2019-11-19 20:00:44.812,98.615,2.0
2019-11-19 20:00:49.622,98.615,2.0
2019-11-19 20:00:51.792,98.615,2.0
2019-11-19 20:01:11.689,98.615,2.0
2019-11-19 20:01:11.689,98.615,2.0
2019-11-19 20:01:11.689,98.615,2.0
2019-11-19 20:01:11.691,98.615,2.0
2019-11-19 20:01:11.700,98.615,2.0
2019-11-19 20:01:54.558,98.615,2.0
2019-11-19 20:01:54.558,98.615,2.0
2019-11-19 20:01:54.558,98.615,2.0
2019-11-19 20:01:54.558,98.615,2.0
2019-11-19 20:01:54.558,98.615,2.0
2019-11-19 20:01:54.558,98.615,2.0
2019-11-19 20:01:54.568,98.615,2.0
2019-11-19 20:01:54.568,98.615,1.0
2019-11-19 20:01:54.590,98.615,2.0
2019-11-19 20:01:54.600,98.615,2.0
2019-11-19 20:01:54.608,98.615,2.0
2019-11-19 20:01:54.608,98.615,2.0
2019-11-19 20:01:54.618,98.615,2.0
2019-11-19 20:01:54.618,98.615,2.0
2019-11-19 20:01:54.628,98.615,2.0
2019-11-19 20:01:54.630,98.615,1.0
2019-11-19 20:01:54.630,98.615,1.0
2019-11-19 20:02:13.200,98.615,14.0
2019-11-19 20:02:56.479,98.615,10.0
2019-11-19 20:04:14.288,98.615,7.0
2019-11-19 20:04:19.835,98.615,3.0
2019-11-19 20:47:16.837,98.615,10.0
2019-11-19 20:48:05.236,98.615,10.0
2019-11-19 21:10:43.811,98.615,2.0
2019-11-19 21:10:44.322,98.615,1.0
2019-11-19 21:25:35.544,98.615,10.0
2019-11-19 21:33:49.411,98.615,10.0
2019-11-19 21:51:07.502,98.615,10.0
2019-11-19 23:03:14.162,98.615,1.0
2019-11-19 23:03:14.670,98.615,1.0
2019-11-19 23:03:15.171,98.615,1.0
2019-11-19 23:03:15.670,98.615,1.0
2019-11-19 23:03:16.170,98.615,1.0
2019-11-19 23:03:16.670,98.615,1.0
2019-11-19 23:03:17.180,98.615,1.0
2019-11-19 23:03:17.681,98.615,1.0
2019-11-19 23:03:18.181,98.615,1.0
2019-11-19 23:03:18.681,98.615,1.0
2019-11-19 23:03:19.180,98.615,1.0
2019-11-19 23:03:19.691,98.615,1.0
2019-11-19 23:03:20.191,98.615,1.0
2019-11-19 23:03:20.691,98.615,1.0
2019-11-19 23:03:21.191,98.615,1.0
2019-11-19 23:03:21.691,98.615,1.0
2019-11-19 23:03:22.191,98.615,1.0
2019-11-19 23:03:22.700,98.615,1.0
2019-11-19 23:03:23.200,98.615,1.0
2019-11-19 23:03:23.700,98.615,1.0
2019-11-19 23:03:24.201,98.615,1.0
2019-11-19 23:03:24.701,98.615,1.0
2019-11-19 23:03:25.209,98.615,1.0
2019-11-19 23:03:25.711,98.615,1.0
2019-11-19 23:03:26.211,98.615,1.0
2019-11-19 23:03:26.711,98.615,1.0
2019-11-19 23:03:27.211,98.615,1.0
2019-11-19 23:03:27.711,98.615,1.0
2019-11-19 23:03:28.221,98.615,1.0
2019-11-19 23:03:28.721,98.615,1.0
2019-11-19 23:03:29.221,98.615,1.0
2019-11-19 23:03:29.720,98.615,1.0
2019-11-19 23:03:30.221,98.615,1.0
2019-11-19 23:03:30.730,98.615,1.0
2019-11-19 23:03:31.230,98.615,1.0
2019-11-19 23:03:31.730,98.615,1.0
2019-11-20 00:30:28.530,98.62,2.0
2019-11-20 01:03:37.157,98.625,1.0
2019-11-20 03:02:07.132,98.63,8.0
2019-11-20 03:59:43.441,98.63,1.0
2019-11-20 03:59:43.451,98.63,7.0
2019-11-20 06:53:53.325,98.63,1.0
2019-11-20 07:01:03.537,98.63,6.0
2019-11-20 07:02:38.969,98.625,229.0
2019-11-20 07:11:47.009,98.625,14.0
2019-11-20 07:14:27.916,98.625,29.0
2019-11-20 07:14:27.916,98.625,13.0
2019-11-20 07:14:27.918,98.625,9.0
2019-11-20 07:14:27.918,98.625,1.0
2019-11-20 07:15:40.247,98.625,1.0
2019-11-20 07:15:40.297,98.625,1.0
2019-11-20 07:15:40.297,98.625,1.0
2019-11-20 07:15:40.345,98.625,1.0
2019-11-20 07:16:10.132,98.625,10.0
2019-11-20 07:18:08.654,98.625,1.0
2019-11-20 07:36:33.896,98.625,1.0
2019-11-20 07:36:33.896,98.625,1.0
2019-11-20 07:36:33.898,98.625,1.0
2019-11-20 07:36:33.898,98.625,1.0
2019-11-20 07:36:38.477,98.625,3.0
2019-11-20 07:36:38.479,98.625,2.0
2019-11-20 07:36:38.479,98.625,22.0
2019-11-20 07:36:38.487,98.625,2.0
2019-11-20 07:36:38.489,98.625,2.0
2019-11-20 07:36:38.489,98.625,10.0
2019-11-20 07:36:38.529,98.625,2.0
2019-11-20 07:36:38.529,98.625,2.0
2019-11-20 07:36:38.569,98.625,18.0
2019-11-20 07:36:38.569,98.625,106.0
2019-11-20 07:42:01.495,98.63,18.0
2019-11-20 07:42:55.699,98.635,2.0
2019-11-20 07:43:32.237,98.635,1.0
2019-11-20 07:43:32.237,98.635,3.0
2019-11-20 07:44:38.398,98.635,7.0
2019-11-20 07:44:38.398,98.635,3.0
2019-11-20 07:44:38.398,98.635,1.0
2019-11-20 07:51:13.039,98.63,1.0
2019-11-20 07:51:13.039,98.63,1.0
2019-11-20 07:51:13.039,98.63,1.0
2019-11-20 07:51:13.039,98.63,1.0
2019-11-20 07:51:13.049,98.63,1.0
2019-11-20 07:51:13.051,98.63,1.0
2019-11-20 07:53:47.076,98.635,11.0
2019-11-20 08:00:23.343,98.635,1.0
2019-11-20 08:00:23.343,98.635,2.0
2019-11-20 08:05:55.785,98.635,5.0
2019-11-20 08:07:00.180,98.635,48.0
2019-11-20 08:10:01.335,98.635,1.0
2019-11-20 08:14:06.009,98.635,7.0
2019-11-20 08:14:06.019,98.635,1.0
2019-11-20 08:14:06.019,98.635,21.0
2019-11-20 08:19:09.195,98.635,22.0
2019-11-20 08:28:39.102,98.635,1.0
2019-11-20 08:28:39.112,98.635,1.0
2019-11-20 08:31:13.375,98.635,1.0
2019-11-20 08:38:19.119,98.63,1.0
2019-11-20 08:43:05.590,98.63,100.0
2019-11-20 08:43:10.989,98.63,59.0
2019-11-20 09:01:58.552,,60.0
2019-11-20 09:03:19.846,,60.0
2019-11-20 09:30:24.820,98.63,7.0
2019-11-20 09:30:45.166,98.63,5.0
2019-11-20 09:30:46.717,98.63,3.0
2019-11-20 09:30:46.718,98.63,2.0
2019-11-20 09:30:46.718,98.63,3.0
2019-11-20 09:43:07.982,98.63,5.0
2019-11-20 09:43:08.321,98.63,5.0
2019-11-20 10:11:23.032,98.63,5.0
2019-11-20 10:46:19.906,98.63,5.0
2019-11-20 10:46:19.915,98.63,10.0
2019-11-20 10:50:48.343,98.63,10.0
2019-11-20 10:50:48.361,98.63,2.0
2019-11-20 11:09:01.580,98.635,1.0
2019-11-20 11:26:01.990,98.635,5.0
2019-11-20 11:26:03.030,98.635,55.0
2019-11-20 11:26:03.068,98.635,5.0
2019-11-20 11:36:15.355,98.63,2.0
2019-11-20 11:36:15.355,98.63,1.0
2019-11-20 11:58:09.741,98.63,5.0
2019-11-20 12:00:58.104,98.63,50.0
2019-11-20 12:13:14.830,,1.0
2019-11-20 12:13:14.840,,1.0
2019-11-20 12:13:14.870,,43.0
2019-11-20 12:14:32.150,,5.0
2019-11-20 12:19:38.994,98.63,70.0
2019-11-20 12:20:06.411,98.63,14.0
2019-11-20 12:22:39.208,,2.0
2019-11-20 12:22:39.228,,13.0
2019-11-20 12:37:02.503,98.63,187.0
2019-11-20 12:37:02.575,98.63,10.0
2019-11-20 12:37:02.593,98.63,37.0
2019-11-20 12:38:37.852,98.635,1.0
2019-11-20 12:38:38.490,98.635,1.0
2019-11-20 12:47:44.103,98.635,30.0
2019-11-20 13:06:11.314,98.635,2.0
2019-11-20 13:06:11.314,98.635,8.0
2019-11-20 13:29:38.356,,8.0
2019-11-20 13:29:39.688,,2.0
2019-11-20 13:29:39.698,,2.0
2019-11-20 13:30:38.668,98.63,5.0
2019-11-20 13:30:38.678,98.63,3.0
2019-11-20 13:30:38.828,98.63,2.0
2019-11-20 13:30:38.828,98.63,1.0
2019-11-20 13:35:39.978,98.63,4.0
2019-11-20 13:39:04.194,98.63,2.0
2019-11-20 13:39:04.244,98.63,8.0
2019-11-20 13:39:04.244,98.63,5.0
2019-11-20 13:39:04.246,98.63,1.0
2019-11-20 13:40:46.108,98.63,7.0
2019-11-20 13:40:46.119,98.63,3.0
2019-11-20 13:40:56.857,98.63,4.0
2019-11-20 13:47:39.945,98.63,14.0
2019-11-20 13:50:18.806,,1.0
2019-11-20 13:50:18.836,,28.0
2019-11-20 13:50:18.856,,21.0
2019-11-20 13:55:53.979,98.635,1.0
2019-11-20 13:55:56.979,98.635,1.0
2019-11-20 13:55:59.980,98.635,1.0
2019-11-20 13:58:10.411,98.635,2.0
2019-11-20 13:58:41.476,98.635,5.0
2019-11-20 14:08:42.736,98.63,14.0
2019-11-20 14:08:51.587,98.63,5.0
2019-11-20 14:08:51.587,98.63,3.0
2019-11-20 14:08:51.589,98.63,7.0
2019-11-20 14:19:02.379,98.625,10.0
2019-11-20 14:19:06.378,98.625,10.0
2019-11-20 14:19:06.380,98.625,124.0
2019-11-20 14:19:46.397,98.625,10.0
2019-11-20 14:19:46.415,98.625,10.0
2019-11-20 14:20:52.340,98.625,2.0
2019-11-20 14:20:52.342,98.625,3.0
2019-11-20 14:25:15.050,98.625,10.0
2019-11-20 14:25:29.700,98.625,5.0
2019-11-20 14:25:29.732,98.625,5.0
2019-11-20 14:25:29.822,98.625,18.0
2019-11-20 14:27:30.572,98.625,10.0
2019-11-20 14:27:30.582,98.625,10.0
2019-11-20 14:28:13.348,98.625,3.0
2019-11-20 14:28:13.348,98.625,7.0
2019-11-20 14:28:13.358,98.625,74.0
2019-11-20 14:28:33.551,98.625,24.0
2019-11-20 14:28:56.089,98.625,9.0
2019-11-20 14:28:56.097,98.625,10.0
2019-11-20 14:29:01.078,98.625,2.0
2019-11-20 14:30:09.470,98.625,4.0
2019-11-20 14:30:09.472,98.625,1.0
2019-11-20 14:30:09.472,98.625,1.0
2019-11-20 14:32:28.333,98.625,2.0
2019-11-20 14:32:28.353,98.625,2.0
2019-11-20 14:33:05.995,98.625,11.0
2019-11-20 14:33:05.996,98.625,1.0
2019-11-20 14:34:01.649,98.625,10.0
2019-11-20 14:34:21.368,98.625,3.0
2019-11-20 14:34:46.126,98.625,9.0
2019-11-20 14:43:46.471,98.625,9.0
2019-11-20 14:43:46.471,98.625,8.0
2019-11-20 14:43:46.471,98.625,2.0
2019-11-20 14:43:46.473,98.625,2.0
2019-11-20 14:43:46.473,98.625,6.0
2019-11-20 14:43:46.473,98.625,3.0
2019-11-20 14:43:46.473,98.625,2.0
2019-11-20 14:43:46.541,98.625,2.0
2019-11-20 14:43:46.541,98.625,3.0
2019-11-20 14:43:46.551,98.625,1.0
2019-11-20 14:43:51.674,98.625,3.0
2019-11-20 14:46:05.096,98.625,16.0
2019-11-20 14:49:53.992,98.625,1.0
2019-11-20 14:50:34.983,98.625,5.0
2019-11-20 14:52:43.286,98.625,2.0
2019-11-20 14:52:43.296,98.625,8.0
2019-11-20 14:57:42.746,,5.0
2019-11-20 14:58:27.048,98.63,2.0
2019-11-20 14:59:30.223,,28.0
2019-11-20 15:03:41.764,98.63,7.0
2019-11-20 15:04:37.164,98.63,10.0
2019-11-20 15:04:54.697,98.63,8.0
2019-11-20 15:04:54.707,98.63,45.0
2019-11-20 15:12:36.233,98.63,6.0
2019-11-20 15:21:56.487,98.635,44.0
2019-11-20 15:23:10.867,98.635,28.0
2019-11-20 15:23:23.396,98.635,20.0
2019-11-20 15:23:23.396,98.635,56.0
2019-11-20 15:29:14.718,98.63,1.0
2019-11-20 15:29:14.726,98.63,2.0
2019-11-20 15:29:14.738,98.63,1.0
2019-11-20 15:29:14.738,98.63,1.0
2019-11-20 15:29:14.746,98.63,1.0
2019-11-20 15:31:18.503,98.63,3.0
2019-11-20 15:31:18.503,98.63,1.0
2019-11-20 15:31:26.446,98.63,40.0
2019-11-20 15:31:26.456,98.63,1.0
2019-11-20 15:31:26.456,98.63,2.0
2019-11-20 15:31:26.466,98.63,1.0
2019-11-20 15:31:26.474,98.63,1.0
2019-11-20 15:31:26.476,98.63,1.0
2019-11-20 15:31:26.486,98.63,1.0
2019-11-20 15:31:30.444,98.63,1.0
2019-11-20 15:31:33.066,98.63,9.0
2019-11-20 15:31:35.836,98.63,16.0
2019-11-20 15:33:29.966,98.63,10.0
2019-11-20 15:33:57.346,98.63,25.0
2019-11-20 15:36:33.504,98.625,2.0
2019-11-20 15:40:49.151,98.63,10.0
2019-11-20 15:41:25.640,98.63,50.0
2019-11-20 15:44:12.246,98.63,23.0
2019-11-20 15:44:12.248,98.63,21.0
2019-11-20 15:44:12.248,98.63,6.0
2019-11-20 15:47:21.833,98.63,10.0
2019-11-20 16:03:15.503,98.63,14.0
2019-11-20 16:05:00.361,98.63,10.0
2019-11-20 16:05:11.432,98.63,10.0
2019-11-20 16:05:11.440,98.63,5.0
2019-11-20 16:05:11.440,98.63,32.0
2019-11-20 16:05:11.452,98.63,4.0
2019-11-20 16:05:20.053,98.63,76.0
2019-11-20 16:05:20.063,98.63,2.0
2019-11-20 16:05:20.073,98.63,14.0
2019-11-20 16:05:20.123,98.63,1.0
2019-11-20 16:05:59.033,98.63,10.0
2019-11-20 16:10:18.726,98.63,10.0
2019-11-20 16:13:32.945,98.63,66.0
2019-11-20 16:14:21.942,98.63,10.0
2019-11-20 16:15:16.994,98.63,161.0
2019-11-20 16:15:16.994,98.63,10.0
2019-11-20 16:15:16.996,98.63,1.0
2019-11-20 16:15:17.004,98.63,2.0
2019-11-20 16:15:17.006,98.63,36.0
2019-11-20 16:29:55.358,98.625,60.0
2019-11-20 16:29:55.430,98.625,5.0
2019-11-20 16:29:55.440,98.625,10.0
2019-11-20 16:30:02.360,,1.0
2019-11-20 16:30:17.838,98.625,1.0
2019-11-20 16:33:19.672,98.625,15.0
2019-11-20 16:37:17.054,98.625,5.0
2019-11-20 16:42:05.989,98.62,1.0
2019-11-20 17:07:58.066,98.625,1.0
2019-11-20 17:07:58.066,98.625,4.0
2019-11-20 17:08:07.897,98.625,2.0
2019-11-20 17:15:47.867,98.625,3.0
2019-11-20 17:21:08.574,98.625,9.0
2019-11-20 17:32:56.302,98.625,1.0
2019-11-20 17:34:14.979,98.625,27.0
2019-11-20 17:41:07.863,98.62,1.0
2019-11-20 17:42:17.850,98.62,1.0
2019-11-20 17:42:17.870,98.62,1.0
2019-11-20 17:42:17.890,98.62,1.0
2019-11-20 17:42:17.910,98.62,1.0
2019-11-20 17:43:53.426,98.62,1.0
2019-11-20 17:52:20.504,98.625,10.0
2019-11-20 17:55:01.826,98.63,1.0
2019-11-20 17:55:01.908,98.63,24.0
2019-11-20 17:55:01.937,98.63,1.0
2019-11-20 17:55:01.956,98.63,2.0
2019-11-20 17:55:01.956,98.63,1.0
2019-11-20 17:55:01.956,98.63,2.0
2019-11-20 17:55:01.956,98.63,1.0
2019-11-20 17:55:01.956,98.63,1.0
2019-11-20 17:55:01.965,98.63,1.0
2019-11-20 17:55:01.975,98.63,1.0
2019-11-20 17:55:01.985,98.63,3.0
2019-11-20 17:55:01.985,98.63,1.0
2019-11-20 17:55:01.985,98.63,1.0
2019-11-20 17:55:01.985,98.63,1.0
2019-11-20 17:55:01.994,98.63,1.0
2019-11-20 17:55:01.994,98.63,1.0
2019-11-20 17:55:01.994,98.63,1.0
2019-11-20 17:55:02.015,98.63,1.0
2019-11-20 17:55:02.015,98.63,1.0
2019-11-20 17:55:02.024,98.63,1.0
2019-11-20 17:55:02.024,98.63,1.0
2019-11-20 17:55:02.024,98.63,1.0
2019-11-20 17:55:02.025,98.63,1.0
2019-11-20 17:55:02.025,98.63,1.0
2019-11-20 17:55:02.025,98.63,2.0
2019-11-20 17:55:02.026,98.63,1.0
2019-11-20 17:55:02.026,98.63,2.0
2019-11-20 17:55:02.035,98.63,3.0
2019-11-20 17:55:02.035,98.63,3.0
2019-11-20 17:55:02.035,98.63,1.0
2019-11-20 17:55:02.035,98.63,1.0
2019-11-20 17:55:02.035,98.63,1.0
2019-11-20 17:55:02.044,98.63,2.0
2019-11-20 17:55:02.044,98.63,1.0
2019-11-20 17:55:02.045,98.63,2.0
2019-11-20 17:55:02.045,98.63,1.0
2019-11-20 17:55:02.045,98.63,1.0
2019-11-20 17:55:02.045,98.63,1.0
2019-11-20 17:55:02.045,98.63,1.0
2019-11-20 17:55:02.055,98.63,1.0
2019-11-20 17:55:02.055,98.63,1.0
2019-11-20 17:55:02.055,98.63,1.0
2019-11-20 17:55:02.065,98.63,1.0
2019-11-20 17:55:02.075,98.63,5.0
2019-11-20 17:55:02.076,98.63,1.0
2019-11-20 17:55:02.094,98.63,1.0
2019-11-20 17:55:02.094,98.63,1.0
2019-11-20 17:55:02.094,98.63,2.0
2019-11-20 17:55:02.094,98.63,3.0
2019-11-20 17:55:02.094,98.63,3.0
2019-11-20 17:55:02.094,98.63,2.0
2019-11-20 17:55:02.094,98.63,1.0
2019-11-20 17:55:02.125,98.63,2.0
2019-11-20 17:55:02.125,98.63,2.0
2019-11-20 17:55:02.125,98.63,2.0
2019-11-20 17:55:02.134,98.63,1.0
2019-11-20 17:55:02.134,98.63,1.0
2019-11-20 17:55:02.134,98.63,6.0
2019-11-20 17:55:02.134,98.63,8.0
2019-11-20 17:55:02.134,98.63,5.0
2019-11-20 17:55:02.134,98.63,2.0
2019-11-20 17:55:02.135,98.63,6.0
2019-11-20 17:55:02.145,98.63,1.0
2019-11-20 17:55:02.145,98.63,1.0
2019-11-20 17:55:02.145,98.63,1.0
2019-11-20 17:55:02.155,98.63,2.0
2019-11-20 17:55:02.155,98.63,3.0
2019-11-20 17:55:02.155,98.63,2.0
2019-11-20 17:55:02.155,98.63,3.0
2019-11-20 17:55:02.165,98.63,1.0
2019-11-20 17:55:02.165,98.63,1.0
2019-11-20 17:55:02.165,98.63,3.0
2019-11-20 17:55:02.165,98.63,1.0
2019-11-20 17:55:02.165,98.63,1.0
2019-11-20 17:55:02.165,98.63,3.0
2019-11-20 17:55:02.184,98.63,1.0
2019-11-20 17:55:02.184,98.63,1.0
2019-11-20 17:55:02.184,98.63,3.0
2019-11-20 17:55:02.184,98.63,1.0
2019-11-20 17:55:02.195,98.63,5.0
2019-11-20 17:55:02.195,98.63,1.0
2019-11-20 17:55:02.195,98.63,1.0
2019-11-20 17:55:02.205,98.63,1.0
2019-11-20 17:55:02.205,98.63,1.0
2019-11-20 17:55:02.205,98.63,3.0
2019-11-20 17:55:02.205,98.63,1.0
2019-11-20 17:55:02.254,98.63,1.0
2019-11-20 17:55:02.254,98.63,1.0
2019-11-20 17:55:02.254,98.63,1.0
2019-11-20 17:55:02.254,98.63,1.0
2019-11-20 17:55:02.254,98.63,3.0
2019-11-20 17:55:02.254,98.63,1.0
2019-11-20 17:55:02.254,98.63,63.0
2019-11-20 17:55:02.255,98.63,2.0
2019-11-20 17:55:02.255,98.63,1.0
2019-11-20 17:55:02.255,98.63,2.0
2019-11-20 17:55:02.255,98.63,2.0
2019-11-20 17:55:02.265,98.63,1.0
2019-11-20 17:55:02.265,98.63,1.0
2019-11-20 17:55:03.148,,2.0
2019-11-20 17:55:03.159,,1.0
2019-11-20 17:55:03.178,98.63,50.0
2019-11-20 17:55:03.197,98.63,8.0
2019-11-20 17:55:03.206,98.63,2.0
2019-11-20 17:55:04.267,98.63,101.0
2019-11-20 17:55:05.238,98.63,11.0
2019-11-20 17:55:05.248,98.63,1.0
2019-11-20 17:55:28.990,,1.0
2019-11-20 17:55:50.150,98.635,10.0
2019-11-20 17:57:20.184,98.64,10.0
2019-11-20 17:57:20.215,98.64,1.0
2019-11-20 17:57:20.224,98.64,9.0
2019-11-20 17:57:36.445,98.64,50.0
2019-11-20 17:58:33.933,98.64,152.0
2019-11-20 17:58:33.941,98.64,2.0
2019-11-20 17:58:50.644,98.64,11.0
2019-11-20 17:58:50.654,98.64,8.0
2019-11-20 17:58:50.662,98.64,1.0
2019-11-20 17:58:50.982,98.64,10.0
2019-11-20 17:59:02.265,98.64,52.0
2019-11-20 18:00:14.876,98.635,7.0
2019-11-20 18:01:03.176,98.635,56.0
2019-11-20 18:01:03.178,98.635,44.0
2019-11-20 18:01:03.178,98.635,58.0
2019-11-20 18:02:51.910,98.63,5.0
2019-11-20 18:02:51.919,98.63,28.0
2019-11-20 18:03:02.117,98.63,17.0
2019-11-20 18:05:53.972,,13.0
2019-11-20 18:06:58.581,98.635,10.0
2019-11-20 18:07:29.974,98.635,20.0
2019-11-20 18:09:12.885,,2.0
2019-11-20 18:10:10.235,98.635,10.0
2019-11-20 18:12:10.903,98.64,1.0
2019-11-20 18:12:10.903,98.64,1.0
2019-11-20 18:12:10.905,98.64,2.0
2019-11-20 18:12:10.913,98.64,5.0
2019-11-20 18:12:10.923,98.64,25.0
2019-11-20 18:12:10.923,98.64,9.0
2019-11-20 18:12:10.923,98.64,1.0
2019-11-20 18:12:10.935,98.64,7.0
2019-11-20 18:12:10.945,98.64,16.0
2019-11-20 18:12:10.953,98.64,14.0
2019-11-20 18:12:10.965,98.64,27.0
2019-11-20 18:12:10.975,98.64,4.0
2019-11-20 18:12:10.975,98.64,16.0
2019-11-20 18:12:26.003,98.64,1.0
2019-11-20 18:12:26.055,98.64,23.0
2019-11-20 18:12:26.065,98.64,1.0
2019-11-20 18:12:26.766,98.64,1.0
2019-11-20 18:12:28.583,98.64,94.0
2019-11-20 18:12:29.813,98.64,10.0
2019-11-20 18:12:30.742,98.64,15.0
2019-11-20 18:13:00.206,,2.0
2019-11-20 18:13:00.336,,2.0
2019-11-20 18:13:18.834,,2.0
2019-11-20 18:13:24.825,,2.0
2019-11-20 18:13:40.155,,4.0
2019-11-20 18:13:43.305,,2.0
2019-11-20 18:14:00.546,98.64,10.0
2019-11-20 18:14:37.888,98.64,10.0
2019-11-20 18:14:42.240,98.64,10.0
2019-11-20 18:14:47.138,98.64,2.0
2019-11-20 18:14:48.890,98.64,4.0
2019-11-20 18:14:52.310,98.64,12.0
2019-11-20 18:14:53.649,98.64,27.0
2019-11-20 18:14:54.609,98.64,25.0
2019-11-20 18:16:00.179,98.64,10.0
2019-11-20 18:16:59.424,98.64,10.0
2019-11-20 18:24:39.405,98.64,32.0
2019-11-20 18:24:39.417,98.64,1.0
2019-11-20 18:26:10.502,98.64,53.0
2019-11-20 18:26:10.592,98.64,5.0
2019-11-20 18:26:11.251,98.635,1.0
2019-11-20 18:30:01.120,98.64,201.0
2019-11-20 18:30:01.122,98.64,6.0
2019-11-20 18:32:10.173,98.645,18.0
2019-11-20 18:32:10.182,98.645,2.0
2019-11-20 18:34:36.466,98.64,20.0
2019-11-20 18:34:46.680,98.64,1.0
2019-11-20 18:46:45.869,98.64,1.0
2019-11-20 18:52:07.851,98.64,2.0
2019-11-20 18:52:08.900,98.64,1.0
2019-11-20 18:53:03.285,98.635,1.0
2019-11-20 18:53:47.426,98.635,3.0
2019-11-20 18:53:47.426,98.635,1.0
2019-11-20 18:53:47.434,98.635,3.0
2019-11-20 18:54:59.606,98.635,3.0
2019-11-20 19:01:12.449,98.64,4.0
2019-11-20 19:01:12.479,98.64,10.0
2019-11-20 19:01:38.932,98.645,1.0
2019-11-20 19:05:38.515,98.64,1.0
2019-11-20 19:13:07.877,98.64,32.0
2019-11-20 19:14:17.409,98.64,10.0
2019-11-20 19:15:01.738,98.64,1.0
2019-11-20 19:15:01.738,98.64,1.0
2019-11-20 19:15:28.757,98.64,2.0
2019-11-20 19:15:28.767,98.64,6.0
2019-11-20 19:17:59.840,98.635,26.0
2019-11-20 19:17:59.860,98.635,4.0
2019-11-20 19:18:00.068,98.635,7.0
2019-11-20 19:18:08.510,98.635,19.0
2019-11-20 19:18:10.708,98.635,9.0
2019-11-20 19:18:53.870,98.63,10.0
2019-11-20 19:18:53.878,98.63,10.0
2019-11-20 19:19:08.708,98.63,10.0
2019-11-20 19:19:08.708,98.63,24.0
2019-11-20 19:19:08.708,98.63,27.0
2019-11-20 19:19:08.718,98.63,29.0
2019-11-20 19:19:08.718,98.63,16.0
2019-11-20 19:19:08.718,98.63,14.0
2019-11-20 19:19:08.718,98.63,23.0
2019-11-20 19:19:21.060,98.635,1.0
2019-11-20 19:20:27.016,98.635,1.0
2019-11-20 19:20:27.016,,1.0
2019-11-20 19:22:34.580,,12.0
2019-11-20 19:24:19.469,98.635,5.0
2019-11-20 19:24:24.270,,29.0
2019-11-20 19:25:16.191,98.635,5.0
2019-11-20 19:25:16.251,98.635,1.0
2019-11-20 19:26:02.320,,1.0
2019-11-20 19:29:07.867,98.64,24.0
2019-11-20 19:29:12.157,98.64,4.0
2019-11-20 19:29:36.367,98.64,27.0
2019-11-20 19:29:36.425,98.64,94.0
2019-11-20 19:29:36.425,98.64,63.0
2019-11-20 19:29:36.427,98.64,40.0
2019-11-20 19:29:40.787,98.64,3.0
2019-11-20 19:30:24.498,98.64,5.0
2019-11-20 19:30:56.528,98.64,10.0
2019-11-20 19:30:56.528,98.64,58.0
2019-11-20 19:40:04.252,,5.0
2019-11-20 19:51:14.053,98.64,10.0
2019-11-20 19:52:07.385,98.64,7.0
2019-11-20 19:52:08.945,98.64,1.0
2019-11-20 19:52:25.335,98.64,4.0
2019-11-20 19:52:59.946,98.64,5.0
2019-11-20 19:52:59.946,98.64,2.0
2019-11-20 19:54:56.053,98.64,1.0
2019-11-20 19:54:56.055,98.64,10.0
2019-11-20 19:57:07.046,98.64,5.0
2019-11-20 20:03:16.741,98.64,2.0
2019-11-20 20:03:16.743,98.64,3.0
2019-11-20 20:03:19.973,98.64,3.0
2019-11-20 20:03:19.982,98.64,7.0
2019-11-20 20:03:19.983,98.64,4.0
2019-11-20 20:03:19.991,98.64,5.0
2019-11-20 20:03:19.991,98.64,2.0
2019-11-20 20:03:19.991,98.64,2.0
2019-11-20 20:03:19.991,98.64,1.0
2019-11-20 20:03:19.991,98.64,2.0
2019-11-20 20:03:19.991,98.64,1.0
2019-11-20 20:03:19.991,98.64,2.0
2019-11-20 20:03:19.991,98.64,2.0
2019-11-20 20:03:19.991,98.64,1.0
2019-11-20 20:03:19.991,98.64,1.0
2019-11-20 20:03:19.991,98.64,1.0
2019-11-20 20:03:19.991,98.64,2.0
2019-11-20 20:03:19.993,98.64,2.0
2019-11-20 20:03:19.993,98.64,1.0
2019-11-20 20:03:19.993,98.64,1.0
2019-11-20 20:03:20.031,98.64,3.0
2019-11-20 20:03:20.033,98.64,2.0
2019-11-20 20:03:28.283,98.64,5.0
2019-11-20 20:03:28.283,98.64,1.0
2019-11-20 20:03:28.284,98.64,2.0
2019-11-20 20:03:28.284,98.64,1.0
2019-11-20 20:03:28.284,98.64,1.0
2019-11-20 20:03:28.284,98.64,2.0
2019-11-20 20:03:56.895,98.64,4.0
2019-11-20 20:18:52.630,98.64,7.0
2019-11-20 20:19:17.191,98.64,5.0
2019-11-20 20:21:57.027,98.64,2.0
2019-11-20 20:37:23.365,98.64,5.0
2019-11-20 20:37:25.537,98.64,10.0
2019-11-20 20:38:47.977,98.64,1.0
2019-11-20 20:39:33.801,98.64,1.0
2019-11-20 20:39:55.711,98.64,3.0
2019-11-20 20:47:52.527,98.635,13.0
2019-11-20 20:47:52.536,98.635,5.0
2019-11-20 20:49:30.125,98.635,5.0
2019-11-20 20:53:40.512,98.635,2.0
2019-11-20 20:53:40.514,98.635,3.0
2019-11-20 21:10:00.902,98.635,14.0
2019-11-20 21:15:29.767,98.63,10.0
2019-11-20 21:17:25.341,98.63,10.0
2019-11-20 21:22:14.495,,4.0
2019-11-20 21:52:07.525,,5.0
2019-11-20 21:57:15.636,98.63,6.0
2019-11-20 21:57:26.355,98.63,13.0
2019-11-20 21:57:49.635,98.63,2.0
2019-11-20 21:58:15.012,98.63,16.0
2019-11-20 21:58:18.661,98.63,3.0
2019-11-20 21:58:55.007,98.63,9.0
2019-11-20 21:59:00.028,98.63,5.0
2019-11-20 21:59:00.028,98.63,2.0
2019-11-20 23:18:10.291,98.64,7.0
2019-11-20 23:43:43.557,98.64,5.0
2019-11-21 00:10:49.226,98.645,1.0
2019-11-21 00:10:49.516,98.645,1.0
2019-11-21 00:10:52.175,98.645,1.0
2019-11-21 00:10:59.665,98.645,1.0
2019-11-21 00:11:00.115,98.645,1.0
2019-11-21 00:11:02.494,98.645,1.0
2019-11-21 00:11:04.524,98.645,3.0
2019-11-21 00:11:07.784,98.645,2.0
2019-11-21 00:11:09.825,98.645,2.0
2019-11-21 00:11:12.323,98.645,2.0
2019-11-21 00:11:15.123,98.645,2.0
2019-11-21 01:40:49.731,98.66,2.0
2019-11-21 02:12:20.022,98.66,4.0
2019-11-21 02:21:26.471,98.655,4.0
2019-11-21 02:21:26.473,98.655,1.0
2019-11-21 02:21:26.473,98.655,6.0
2019-11-21 02:22:26.296,98.645,2.0
2019-11-21 02:23:09.425,98.645,6.0
2019-11-21 02:23:09.433,98.645,3.0
2019-11-21 02:23:09.433,98.645,6.0
2019-11-21 02:23:09.435,98.645,2.0
2019-11-21 02:23:23.271,98.64,1.0
2019-11-21 02:26:26.808,98.645,8.0
2019-11-21 02:28:00.222,98.645,1.0
2019-11-21 02:30:53.214,98.645,10.0
2019-11-21 02:30:53.214,98.645,1.0
2019-11-21 03:01:46.106,98.645,2.0
2019-11-21 03:01:50.914,98.645,2.0
2019-11-21 03:02:49.249,98.645,10.0
2019-11-21 03:02:49.251,98.645,4.0
2019-11-21 03:19:40.657,98.64,12.0
2019-11-21 03:22:44.542,98.64,1.0
2019-11-21 03:22:44.542,98.64,12.0
2019-11-21 03:38:01.415,98.64,13.0
2019-11-21 04:02:16.179,98.64,3.0
2019-11-21 05:42:52.594,98.635,14.0
2019-11-21 05:43:54.939,98.635,2.0
2019-11-21 07:01:38.496,98.635,13.0
2019-11-21 07:03:58.079,98.635,13.0
2019-11-21 07:07:05.856,98.63,2.0
2019-11-21 07:09:06.343,98.635,4.0
2019-11-21 07:09:07.902,98.635,1.0
2019-11-21 07:09:13.483,98.635,2.0
2019-11-21 07:09:20.144,98.635,2.0
2019-11-21 07:09:21.912,98.635,1.0
2019-11-21 07:09:44.121,98.635,1.0
2019-11-21 07:10:04.869,98.635,3.0
2019-11-21 07:31:06.183,98.635,2.0
2019-11-21 07:31:07.913,98.635,10.0
2019-11-21 07:32:16.008,98.635,2.0
2019-11-21 07:32:16.016,98.635,4.0
2019-11-21 07:32:16.016,98.635,3.0
2019-11-21 07:32:16.016,98.635,2.0
2019-11-21 07:32:16.016,98.635,2.0
2019-11-21 07:32:16.016,98.635,1.0
2019-11-21 07:32:16.016,98.635,2.0
2019-11-21 07:32:16.016,98.635,1.0
2019-11-21 07:32:16.016,98.635,1.0
2019-11-21 07:32:16.016,98.635,2.0
2019-11-21 07:32:16.018,98.635,1.0
2019-11-21 07:32:16.018,98.635,1.0
2019-11-21 07:34:26.926,98.635,7.0
2019-11-21 07:50:35.542,98.635,1.0
2019-11-21 07:50:35.542,98.635,5.0
2019-11-21 07:50:35.542,98.635,2.0
2019-11-21 07:50:35.552,98.635,2.0
2019-11-21 07:50:35.552,98.635,19.0
2019-11-21 08:01:19.669,98.63,2.0
2019-11-21 08:05:28.593,98.635,5.0
2019-11-21 08:05:29.824,98.635,4.0
2019-11-21 08:11:37.850,98.64,7.0
2019-11-21 08:11:37.850,98.64,1.0
2019-11-21 08:11:37.850,98.64,2.0
2019-11-21 08:11:37.850,98.64,1.0
2019-11-21 08:11:37.872,98.64,1.0
2019-11-21 08:11:37.872,98.64,6.0
2019-11-21 08:12:11.770,98.64,4.0
2019-11-21 08:12:11.780,98.64,1.0
2019-11-21 08:12:11.780,98.64,13.0
2019-11-21 08:12:11.780,98.64,1.0
2019-11-21 08:13:30.231,98.635,27.0
2019-11-21 08:19:19.791,98.635,5.0
2019-11-21 08:21:34.789,98.635,157.0
2019-11-21 08:22:54.965,98.635,5.0
2019-11-21 08:26:15.617,98.635,3.0
2019-11-21 08:29:30.660,98.635,5.0
2019-11-21 08:34:29.107,98.64,5.0
2019-11-21 08:34:29.137,98.64,5.0
2019-11-21 08:40:21.504,98.64,5.0
2019-11-21 08:49:53.478,98.635,4.0
2019-11-21 08:53:17.851,98.635,2.0
2019-11-21 08:53:18.181,98.635,4.0
2019-11-21 08:53:19.364,98.635,3.0
2019-11-21 08:53:19.364,98.635,1.0
2019-11-21 08:53:50.812,98.635,4.0
2019-11-21 08:53:50.823,98.635,1.0
2019-11-21 09:01:18.248,98.635,5.0
2019-11-21 09:01:56.169,98.635,6.0
2019-11-21 09:01:56.189,98.635,83.0
2019-11-21 09:01:56.207,98.635,151.0
2019-11-21 09:14:39.368,98.63,5.0
2019-11-21 09:18:39.392,98.63,25.0
2019-11-21 09:18:39.392,98.63,22.0
2019-11-21 09:18:39.402,98.63,10.0
2019-11-21 09:32:23.551,98.63,5.0
2019-11-21 09:36:41.512,98.63,5.0
2019-11-21 09:40:31.696,98.63,5.0
2019-11-21 09:43:03.852,98.63,5.0
2019-11-21 09:49:36.227,98.625,5.0
2019-11-21 09:52:23.566,98.625,9.0
2019-11-21 10:00:21.162,98.625,5.0
2019-11-21 10:03:22.604,98.625,4.0
2019-11-21 10:04:20.942,98.62,4.0
2019-11-21 10:04:20.954,98.62,2.0
2019-11-21 10:04:59.579,,1.0
2019-11-21 10:05:04.789,,1.0
2019-11-21 10:06:43.440,98.625,80.0
2019-11-21 10:06:43.451,98.625,3.0
2019-11-21 10:08:20.877,98.62,5.0
2019-11-21 10:08:41.626,98.62,4.0
2019-11-21 10:16:24.392,98.62,5.0
2019-11-21 10:17:12.388,98.62,5.0
2019-11-21 10:21:13.622,98.62,2.0
2019-11-21 10:21:22.112,98.62,5.0
2019-11-21 10:37:55.892,,4.0
2019-11-21 10:46:56.412,98.62,5.0
2019-11-21 10:52:54.556,98.62,2.0
2019-11-21 10:52:54.578,98.62,3.0
2019-11-21 11:37:12.368,98.625,2.0
2019-11-21 11:55:13.676,98.625,1.0
2019-11-21 12:00:31.401,98.625,1.0
2019-11-21 12:00:31.403,98.625,2.0
2019-11-21 12:02:45.502,98.625,1.0
2019-11-21 12:02:45.524,98.625,1.0
2019-11-21 12:02:45.534,98.625,1.0
2019-11-21 12:02:45.544,98.625,1.0
2019-11-21 12:02:45.544,98.625,1.0
2019-11-21 12:03:18.721,,5.0
2019-11-21 12:04:34.474,,5.0
2019-11-21 12:09:41.880,98.625,5.0
2019-11-21 12:16:45.691,98.625,5.0
2019-11-21 12:16:45.713,98.625,10.0
2019-11-21 12:30:32.905,98.625,2.0
2019-11-21 12:31:15.384,98.625,5.0
2019-11-21 12:34:04.085,98.625,2.0
2019-11-21 12:35:46.979,,1.0
2019-11-21 12:35:46.989,,2.0
2019-11-21 12:35:46.997,,1.0
2019-11-21 12:35:47.019,,1.0
2019-11-21 12:35:47.029,,1.0
2019-11-21 12:35:47.029,,1.0
2019-11-21 12:45:41.493,98.625,6.0
2019-11-21 12:45:41.501,98.625,1.0
2019-11-21 12:45:41.501,98.625,1.0
2019-11-21 12:45:41.501,98.625,152.0
2019-11-21 12:45:41.501,98.625,2.0
2019-11-21 12:45:41.503,98.625,50.0
2019-11-21 12:49:07.587,98.625,55.0
2019-11-21 12:50:27.940,98.625,48.0
2019-11-21 12:50:50.780,98.625,5.0
2019-11-21 13:01:13.913,98.625,10.0
2019-11-21 13:05:02.906,98.625,10.0
2019-11-21 13:07:28.167,98.62,1.0
2019-11-21 13:07:28.759,98.62,2.0
2019-11-21 13:07:28.759,98.62,1.0
2019-11-21 13:07:28.777,98.62,42.0
2019-11-21 13:07:28.777,98.62,33.0
2019-11-21 13:07:28.797,98.62,7.0
2019-11-21 13:07:28.806,98.62,1.0
2019-11-21 13:07:28.829,98.62,2.0
2019-11-21 13:07:28.857,98.62,7.0
2019-11-21 13:07:51.265,98.62,10.0
2019-11-21 13:16:10.311,98.615,106.0
2019-11-21 13:16:10.311,98.615,10.0
2019-11-21 13:16:10.319,98.615,1.0
2019-11-21 13:16:41.149,98.615,10.0
2019-11-21 13:20:15.278,98.62,1.0
2019-11-21 13:20:54.806,98.62,3.0
2019-11-21 13:20:54.814,98.62,1.0
2019-11-21 13:20:54.824,98.62,6.0
2019-11-21 13:20:54.824,98.62,3.0
2019-11-21 13:20:54.826,98.62,2.0
2019-11-21 13:22:09.402,98.62,40.0
2019-11-21 13:23:45.713,98.62,10.0
2019-11-21 13:24:28.743,98.62,10.0
2019-11-21 13:24:36.132,98.62,60.0
2019-11-21 13:31:00.858,98.62,13.0
2019-11-21 13:45:05.101,98.62,10.0
2019-11-21 13:46:52.377,98.615,2.0
2019-11-21 13:48:43.117,98.62,10.0
2019-11-21 13:49:23.305,98.62,10.0
2019-11-21 13:49:23.305,98.62,5.0
2019-11-21 13:49:23.315,98.62,38.0
2019-11-21 13:49:23.315,98.62,3.0
2019-11-21 13:57:10.193,98.62,11.0
2019-11-21 13:59:05.194,98.62,10.0
2019-11-21 13:59:05.205,98.62,4.0
2019-11-21 14:04:29.582,98.62,10.0
2019-11-21 14:04:34.652,98.62,2.0
2019-11-21 14:13:04.004,98.615,10.0
2019-11-21 14:19:59.316,98.61,10.0
2019-11-21 14:21:10.773,98.61,10.0
2019-11-21 14:23:10.410,98.61,10.0
2019-11-21 14:23:12.699,98.61,10.0
2019-11-21 14:33:55.745,,2.0
2019-11-21 14:33:55.803,,2.0
2019-11-21 14:33:56.843,,2.0
2019-11-21 14:36:08.889,98.61,3.0
2019-11-21 14:36:39.752,98.61,9.0
2019-11-21 14:36:39.760,98.61,11.0
2019-11-21 14:36:39.760,98.61,7.0
2019-11-21 14:36:39.760,98.61,4.0
2019-11-21 14:36:39.760,98.61,4.0
2019-11-21 14:36:39.760,98.61,3.0
2019-11-21 14:36:39.762,98.61,8.0
2019-11-21 14:36:39.770,98.61,2.0
2019-11-21 14:36:39.770,98.61,5.0
2019-11-21 14:36:39.770,98.61,2.0
2019-11-21 14:36:39.770,98.61,1.0
2019-11-21 14:36:39.782,98.61,4.0
2019-11-21 14:36:53.851,98.61,10.0
2019-11-21 14:36:53.989,98.61,10.0
2019-11-21 14:36:54.099,98.61,12.0
2019-11-21 14:36:57.590,98.61,10.0
2019-11-21 14:37:01.521,98.61,10.0
2019-11-21 14:38:17.825,98.61,12.0
2019-11-21 14:40:34.618,98.61,14.0
2019-11-21 14:46:51.906,98.61,4.0
2019-11-21 14:46:51.906,98.61,1.0
2019-11-21 15:06:09.576,98.61,4.0
2019-11-21 15:06:09.576,98.61,6.0
2019-11-21 15:06:21.727,98.61,10.0
2019-11-21 15:10:50.352,98.61,12.0
2019-11-21 15:10:50.384,98.61,27.0
2019-11-21 15:10:57.131,98.61,2.0
2019-11-21 15:10:59.993,98.61,2.0
2019-11-21 15:11:00.003,98.61,4.0
2019-11-21 15:12:11.817,98.61,200.0
2019-11-21 15:12:27.491,98.61,4.0
2019-11-21 15:12:27.501,98.61,38.0
2019-11-21 15:12:27.511,98.61,3.0
2019-11-21 15:12:27.511,98.61,1.0
2019-11-21 15:12:46.132,98.61,50.0
2019-11-21 15:13:10.487,98.61,14.0
2019-11-21 15:15:32.110,98.61,10.0
2019-11-21 15:20:04.760,98.615,10.0
2019-11-21 15:22:33.122,98.62,1.0
2019-11-21 15:22:33.122,98.62,1.0
2019-11-21 15:22:33.183,98.62,14.0
2019-11-21 15:22:33.184,98.62,4.0
2019-11-21 15:25:05.406,98.625,15.0
2019-11-21 15:25:23.300,98.625,75.0
2019-11-21 15:34:37.447,98.625,5.0
2019-11-21 15:34:37.537,98.625,7.0
2019-11-21 15:35:13.299,98.625,20.0
2019-11-21 15:35:14.366,98.625,10.0
2019-11-21 15:46:03.511,98.62,2.0
2019-11-21 15:51:00.059,98.625,47.0
2019-11-21 15:51:35.922,98.625,10.0
2019-11-21 15:53:29.066,98.625,34.0
2019-11-21 16:03:53.601,98.62,8.0
2019-11-21 16:04:08.529,,12.0
2019-11-21 16:04:57.973,98.62,10.0
2019-11-21 16:04:57.983,98.62,21.0
2019-11-21 16:05:15.962,98.62,10.0
2019-11-21 16:05:47.064,98.62,3.0
2019-11-21 16:05:47.066,98.62,3.0
2019-11-21 16:05:47.074,98.62,6.0
2019-11-21 16:05:47.074,98.62,4.0
2019-11-21 16:05:47.074,98.62,4.0
2019-11-21 16:05:47.074,98.62,3.0
2019-11-21 16:05:47.074,98.62,3.0
2019-11-21 16:05:47.074,98.62,1.0
2019-11-21 16:05:47.074,98.62,2.0
2019-11-21 16:05:47.074,98.62,1.0
2019-11-21 16:05:47.074,98.62,2.0
2019-11-21 16:05:47.074,98.62,1.0
2019-11-21 16:05:47.074,98.62,1.0
2019-11-21 16:05:47.074,98.62,2.0
2019-11-21 16:05:47.074,98.62,1.0
2019-11-21 16:05:47.074,98.62,1.0
2019-11-21 16:05:47.076,98.62,6.0
2019-11-21 16:06:17.584,98.62,10.0
2019-11-21 16:08:12.101,98.62,10.0
2019-11-21 16:09:26.180,,32.0
2019-11-21 16:14:11.085,,1.0
2019-11-21 16:14:11.085,98.625,10.0
2019-11-21 16:14:58.981,98.625,8.0
2019-11-21 16:21:59.333,98.62,83.0
2019-11-21 16:25:07.688,98.62,10.0
2019-11-21 16:47:52.312,98.62,10.0
2019-11-21 17:08:44.380,,1.0
2019-11-21 17:27:57.314,98.615,10.0
2019-11-21 17:35:43.748,98.62,10.0
2019-11-21 17:38:50.476,98.62,20.0
2019-11-21 17:42:19.745,98.62,50.0
2019-11-21 17:42:19.765,98.62,9.0
2019-11-21 17:42:19.775,98.62,60.0
2019-11-21 17:43:32.674,98.62,10.0
2019-11-21 17:57:55.039,98.615,14.0
2019-11-21 17:58:25.979,98.615,10.0
2019-11-21 17:58:28.969,98.61,10.0
2019-11-21 17:58:28.997,98.61,1.0
2019-11-21 18:01:12.931,98.615,5.0
2019-11-21 18:01:12.931,98.615,12.0
2019-11-21 18:14:35.871,98.61,2.0
2019-11-21 18:14:35.921,98.61,6.0
2019-11-21 18:17:53.795,98.61,10.0
2019-11-21 18:38:50.690,98.61,11.0
2019-11-21 18:47:18.918,98.61,10.0
2019-11-21 18:58:46.649,,8.0
2019-11-21 18:59:27.897,,1.0
2019-11-21 19:00:03.904,,12.0
2019-11-21 19:04:45.755,,6.0
2019-11-21 19:04:47.065,98.615,4.0
2019-11-21 19:04:47.065,98.615,24.0
2019-11-21 19:04:47.073,98.615,11.0
2019-11-21 19:04:47.073,98.615,3.0
2019-11-21 19:04:47.073,98.615,4.0
2019-11-21 19:04:47.075,98.615,2.0
2019-11-21 19:04:47.075,98.615,1.0
2019-11-21 19:04:47.085,98.615,3.0
2019-11-21 19:04:53.667,98.615,2.0
2019-11-21 19:04:53.667,98.615,8.0
2019-11-21 19:07:06.241,98.615,4.0
2019-11-21 19:07:19.271,98.615,7.0
2019-11-21 19:07:35.879,98.615,178.0
2019-11-21 19:09:58.411,,63.0
2019-11-21 19:11:12.654,98.615,10.0
2019-11-21 19:12:25.155,98.615,10.0
2019-11-21 19:15:56.310,,10.0
2019-11-21 19:44:48.716,98.615,2.0
2019-11-21 19:45:15.003,98.615,12.0
2019-11-21 19:51:52.632,98.615,17.0
2019-11-21 19:51:52.651,98.615,15.0
2019-11-21 19:51:52.651,98.615,60.0
2019-11-21 19:51:58.553,98.615,1.0
2019-11-21 19:59:08.839,98.61,1.0
2019-11-21 19:59:37.604,98.61,1.0
2019-11-21 20:03:08.503,98.615,35.0
2019-11-21 20:03:08.654,98.615,10.0
2019-11-21 20:04:54.627,98.61,1.0
2019-11-21 20:04:54.648,98.61,2.0
2019-11-21 20:04:54.696,98.61,1.0
2019-11-21 20:04:54.728,98.61,1.0
2019-11-21 20:25:21.360,98.615,100.0
2019-11-21 20:28:47.434,98.61,13.0
2019-11-21 20:28:47.446,98.61,5.0
2019-11-21 20:53:35.320,98.61,3.0
2019-11-21 20:58:43.695,98.615,24.0
2019-11-21 20:58:54.245,98.615,1.0
2019-11-21 20:59:14.434,98.615,9.0
2019-11-21 21:03:13.790,98.61,2.0
2019-11-21 21:03:13.800,98.61,1.0
2019-11-21 21:08:35.491,98.61,1.0
2019-11-21 21:30:22.902,98.61,1.0
2019-11-21 21:30:22.922,98.61,1.0
2019-11-21 21:34:48.899,98.61,12.0
2019-11-21 21:38:07.780,98.61,1.0
2019-11-21 21:40:09.459,98.61,10.0
2019-11-21 21:45:19.710,98.61,10.0
2019-11-21 21:52:03.661,98.61,10.0
2019-11-21 21:53:20.487,98.61,10.0
2019-11-21 21:55:34.263,98.605,10.0
2019-11-21 21:59:59.428,98.61,1.0
2019-11-21 21:59:59.428,98.61,4.0
2019-11-22 01:42:42.463,98.61,1.0
2019-11-22 02:42:13.255,98.61,16.0
2019-11-22 03:00:18.323,98.61,4.0
2019-11-22 04:55:36.631,,30.0
2019-11-22 06:34:33.699,98.61,15.0
2019-11-22 06:38:45.784,98.615,2.0
2019-11-22 06:38:45.795,98.615,10.0
2019-11-22 06:38:45.795,98.615,3.0
2019-11-22 06:38:45.814,98.615,1.0
2019-11-22 07:24:01.394,98.615,10.0
2019-11-22 08:00:50.107,98.61,13.0
2019-11-22 08:01:37.667,98.61,40.0
2019-11-22 08:08:48.217,98.605,23.0
2019-11-22 08:13:00.492,98.605,3.0
2019-11-22 08:15:00.778,98.605,1.0
2019-11-22 08:15:00.809,98.605,2.0
2019-11-22 08:16:12.233,98.6,2.0
2019-11-22 08:16:12.251,98.6,4.0
2019-11-22 08:24:16.309,98.605,15.0
2019-11-22 08:24:16.319,98.605,6.0
2019-11-22 08:24:16.321,98.605,2.0
2019-11-22 08:30:00.897,98.6,5.0
2019-11-22 08:33:35.294,98.605,5.0
2019-11-22 08:36:49.451,98.605,26.0
2019-11-22 08:37:09.845,98.605,37.0
2019-11-22 08:37:29.387,98.605,24.0
2019-11-22 08:40:08.675,98.605,100.0
2019-11-22 08:42:59.109,98.605,7.0
2019-11-22 08:46:47.048,98.605,2.0
2019-11-22 08:46:47.068,98.605,1.0
2019-11-22 08:50:01.441,98.605,7.0
2019-11-22 08:58:28.201,98.605,7.0
2019-11-22 09:03:29.239,98.61,4.0
2019-11-22 09:06:49.417,,1.0
2019-11-22 09:07:04.998,,1.0
2019-11-22 09:07:18.087,,1.0
2019-11-22 09:07:52.212,98.61,10.0
2019-11-22 09:08:05.354,,37.0
2019-11-22 09:11:24.504,98.615,5.0
2019-11-22 09:12:51.830,98.615,20.0
2019-11-22 09:30:02.802,98.62,5.0
2019-11-22 09:35:47.391,98.62,8.0
2019-11-22 09:37:21.921,,5.0
2019-11-22 09:38:32.242,98.62,5.0
2019-11-22 09:39:27.960,98.62,5.0
2019-11-22 09:46:29.645,98.62,5.0
2019-11-22 09:56:20.953,98.62,1.0
2019-11-22 10:06:19.000,98.62,5.0
2019-11-22 10:08:44.708,98.62,50.0
2019-11-22 10:32:03.135,98.62,5.0
2019-11-22 10:32:03.137,98.62,8.0
2019-11-22 10:35:50.590,98.62,5.0
2019-11-22 10:48:21.471,98.62,108.0
2019-11-22 10:48:21.471,98.62,50.0
2019-11-22 10:48:21.471,98.62,10.0
2019-11-22 10:49:19.269,98.62,9.0
2019-11-22 11:04:16.542,98.62,11.0
2019-11-22 11:15:37.231,98.62,5.0
2019-11-22 11:16:55.624,98.62,10.0
2019-11-22 11:23:47.195,98.62,5.0
2019-11-22 11:25:17.231,98.62,5.0
2019-11-22 11:28:51.034,98.62,41.0
2019-11-22 11:55:57.557,98.62,5.0
2019-11-22 12:00:45.145,98.62,20.0
2019-11-22 12:00:45.165,98.62,30.0
2019-11-22 12:00:45.165,98.62,5.0
2019-11-22 12:01:28.837,,1.0
2019-11-22 12:08:17.962,98.62,29.0
2019-11-22 12:09:13.266,98.62,1.0
2019-11-22 12:10:04.493,98.62,5.0
2019-11-22 12:23:51.523,98.62,5.0
2019-11-22 12:23:51.533,98.62,10.0
2019-11-22 12:26:06.553,98.62,33.0
2019-11-22 12:28:00.335,98.62,5.0
2019-11-22 13:10:54.745,98.62,1.0
2019-11-22 13:10:54.755,98.62,1.0
2019-11-22 13:10:54.783,98.62,1.0
2019-11-22 13:10:54.795,98.62,1.0
2019-11-22 13:10:54.805,98.62,1.0
2019-11-22 13:10:54.823,98.62,1.0
2019-11-22 13:10:54.833,98.62,1.0
2019-11-22 13:10:54.843,98.62,2.0
2019-11-22 13:10:54.863,98.62,1.0
2019-11-22 13:10:55.075,98.62,1.0
2019-11-22 13:10:55.083,98.62,1.0
2019-11-22 13:10:55.085,98.62,8.0
2019-11-22 13:10:55.535,98.62,1.0
2019-11-22 13:11:41.113,98.62,31.0
2019-11-22 13:16:32.855,,20.0
2019-11-22 13:23:30.218,98.62,10.0
2019-11-22 13:23:30.220,98.62,9.0
2019-11-22 13:23:30.220,98.62,4.0
2019-11-22 13:23:30.220,98.62,255.0
2019-11-22 13:24:20.006,98.62,10.0
2019-11-22 13:44:41.586,98.615,10.0
2019-11-22 13:45:04.227,98.615,10.0
2019-11-22 13:45:04.249,98.615,10.0
2019-11-22 13:46:03.279,98.61,60.0
2019-11-22 13:46:03.289,98.61,8.0
2019-11-22 13:46:03.289,98.61,32.0
2019-11-22 13:46:08.959,98.61,1.0
2019-11-22 13:47:00.806,98.61,9.0
2019-11-22 13:49:43.215,98.615,1.0
2019-11-22 13:49:43.765,98.615,2.0
2019-11-22 13:49:44.494,98.615,1.0
2019-11-22 13:51:40.526,98.61,10.0
2019-11-22 13:53:20.933,98.61,24.0
2019-11-22 13:53:25.292,98.61,4.0
2019-11-22 13:55:09.587,98.61,22.0
2019-11-22 13:55:16.589,98.61,10.0
2019-11-22 13:55:24.376,98.61,22.0
2019-11-22 14:04:17.469,98.61,1.0
2019-11-22 14:08:13.188,98.61,4.0
2019-11-22 14:08:34.420,98.61,10.0
2019-11-22 14:11:37.943,98.61,2.0
2019-11-22 14:19:50.032,98.61,10.0
2019-11-22 14:20:09.270,98.61,1.0
2019-11-22 14:25:29.396,98.61,10.0
2019-11-22 14:28:01.113,98.61,10.0
2019-11-22 14:31:00.306,98.61,1.0
2019-11-22 14:31:00.316,98.61,2.0
2019-11-22 14:31:00.334,98.61,12.0
2019-11-22 14:34:23.734,98.615,6.0
2019-11-22 14:36:11.017,98.615,12.0
2019-11-22 14:37:23.150,98.615,10.0
2019-11-22 14:37:50.280,98.615,10.0
2019-11-22 14:38:11.802,98.615,10.0
2019-11-22 14:40:11.460,98.615,7.0
2019-11-22 14:40:11.460,98.615,2.0
2019-11-22 14:40:11.468,98.615,2.0
2019-11-22 14:43:47.668,98.62,4.0
2019-11-22 14:45:00.176,98.615,3.0
2019-11-22 14:45:00.287,98.615,14.0
2019-11-22 14:45:00.293,98.615,10.0
2019-11-22 14:45:00.333,98.615,10.0
2019-11-22 14:45:10.136,98.61,7.0
2019-11-22 14:45:21.336,98.61,1.0
2019-11-22 14:45:26.885,98.61,10.0
2019-11-22 14:46:52.902,98.61,2.0
2019-11-22 14:47:39.765,98.61,8.0
2019-11-22 14:49:47.057,98.605,1.0
2019-11-22 14:49:47.227,98.605,1.0
2019-11-22 14:49:47.289,98.605,1.0
2019-11-22 14:51:02.763,98.605,1.0
2019-11-22 14:51:05.191,,10.0
2019-11-22 14:51:08.174,98.605,1.0
2019-11-22 14:51:17.064,98.605,2.0
2019-11-22 14:52:07.888,98.605,1.0
2019-11-22 14:52:09.866,98.605,11.0
2019-11-22 14:52:09.878,98.605,1.0
2019-11-22 14:52:09.886,98.605,5.0
2019-11-22 14:52:09.888,98.605,6.0
2019-11-22 14:52:09.898,98.605,1.0
2019-11-22 14:52:10.767,98.605,11.0
2019-11-22 14:52:21.718,98.605,1.0
2019-11-22 14:52:31.345,98.605,2.0
2019-11-22 14:52:42.578,98.605,2.0
2019-11-22 14:52:42.588,98.605,1.0
2019-11-22 14:53:34.840,98.605,3.0
2019-11-22 14:55:45.386,98.605,10.0
2019-11-22 14:56:02.889,98.605,12.0
2019-11-22 14:56:02.899,98.605,13.0
2019-11-22 14:56:02.899,98.605,7.0
2019-11-22 14:56:05.219,98.605,10.0
2019-11-22 14:57:47.143,98.605,1.0
2019-11-22 14:57:47.151,98.605,1.0
2019-11-22 14:57:47.151,98.605,3.0
2019-11-22 14:57:47.151,98.605,1.0
2019-11-22 14:57:47.161,98.605,67.0
2019-11-22 14:57:53.403,,1.0
2019-11-22 14:58:58.696,98.605,41.0
2019-11-22 15:00:00.081,,1.0
2019-11-22 15:00:17.931,,1.0
2019-11-22 15:00:18.561,,1.0
2019-11-22 15:00:30.021,,1.0
2019-11-22 15:01:21.682,,1.0
2019-11-22 15:01:21.694,,1.0
2019-11-22 15:01:22.794,,1.0
2019-11-22 15:01:34.524,,1.0
2019-11-22 15:01:34.974,,1.0
2019-11-22 15:01:43.184,98.605,10.0
2019-11-22 15:03:29.980,,1.0
2019-11-22 15:04:00.500,98.605,10.0
2019-11-22 15:05:02.461,,1.0
2019-11-22 15:05:02.463,,157.0
2019-11-22 15:09:08.720,98.605,9.0
2019-11-22 15:09:08.720,98.605,1.0
2019-11-22 15:14:05.899,98.605,10.0
2019-11-22 15:14:26.680,98.605,7.0
2019-11-22 15:21:07.721,98.605,14.0
2019-11-22 15:23:58.265,98.605,17.0
2019-11-22 15:24:02.546,98.605,10.0
2019-11-22 15:27:06.187,98.605,10.0
2019-11-22 15:27:54.147,98.605,2.0
2019-11-22 15:27:54.159,98.605,8.0
2019-11-22 15:30:12.174,98.61,44.0
2019-11-22 15:40:06.295,98.605,10.0
2019-11-22 15:41:59.171,,1.0
2019-11-22 15:53:06.573,98.605,10.0
2019-11-22 15:53:26.393,98.605,3.0
2019-11-22 15:53:26.483,98.605,7.0
2019-11-22 15:54:43.816,98.605,7.0
2019-11-22 15:54:49.016,98.605,3.0
2019-11-22 15:55:56.396,98.605,4.0
2019-11-22 15:56:36.875,98.605,51.0
2019-11-22 15:56:42.556,98.605,10.0
2019-11-22 16:03:25.838,98.605,10.0
2019-11-22 16:04:43.743,98.605,10.0
2019-11-22 16:06:29.820,98.605,10.0
2019-11-22 16:06:29.900,98.605,2.0
2019-11-22 16:06:29.900,98.605,8.0
2019-11-22 16:11:33.869,98.605,10.0
2019-11-22 16:11:33.879,98.605,9.0
2019-11-22 16:11:34.049,98.605,1.0
2019-11-22 16:20:03.402,98.61,11.0
2019-11-22 16:20:25.472,98.61,10.0
2019-11-22 16:21:20.238,98.61,1.0
2019-11-22 16:21:39.656,98.61,11.0
2019-11-22 16:22:39.620,98.61,10.0
2019-11-22 16:24:37.456,98.61,10.0
2019-11-22 16:31:30.438,98.605,207.0
2019-11-22 16:31:30.446,98.605,2.0
2019-11-22 16:31:30.447,98.605,39.0
2019-11-22 16:31:30.447,98.605,9.0
2019-11-22 16:36:25.616,98.605,34.0
2019-11-22 16:36:25.625,98.605,10.0
2019-11-22 16:37:00.737,98.605,3.0
2019-11-22 16:37:02.478,98.605,8.0
2019-11-22 16:37:03.568,98.605,10.0
2019-11-22 16:37:07.935,98.605,1.0
2019-11-22 16:37:11.958,98.605,11.0
2019-11-22 16:37:14.916,98.605,1.0
2019-11-22 16:37:27.058,98.605,5.0
2019-11-22 16:37:27.066,98.605,5.0
2019-11-22 16:37:27.067,98.605,2.0
2019-11-22 16:37:27.067,98.605,2.0
2019-11-22 16:37:27.067,98.605,1.0
2019-11-22 16:37:27.067,98.605,1.0
2019-11-22 16:37:27.067,98.605,1.0
2019-11-22 16:37:27.067,98.605,1.0
2019-11-22 16:37:27.067,98.605,1.0
2019-11-22 16:37:27.067,98.605,1.0
2019-11-22 16:37:27.067,98.605,1.0
2019-11-22 16:37:27.068,98.605,1.0
2019-11-22 16:37:27.076,98.605,1.0
2019-11-22 16:37:27.077,98.605,1.0
2019-11-22 16:37:27.077,98.605,1.0
2019-11-22 16:37:27.077,98.605,1.0
2019-11-22 16:37:27.077,98.605,1.0
2019-11-22 16:37:27.078,98.605,24.0
2019-11-22 16:37:27.078,98.605,26.0
2019-11-22 16:37:27.078,98.605,11.0
2019-11-22 16:37:49.840,98.605,3.0
2019-11-22 16:37:49.840,98.605,57.0
2019-11-22 16:47:54.183,98.605,10.0
2019-11-22 16:51:51.631,98.605,26.0
2019-11-22 16:51:51.641,98.605,7.0
2019-11-22 16:52:47.405,98.605,1.0
2019-11-22 16:53:35.440,98.605,1.0
2019-11-22 16:54:02.356,98.605,1.0
2019-11-22 16:54:27.736,98.605,33.0
2019-11-22 16:54:27.736,98.605,8.0
2019-11-22 16:54:27.736,98.605,1.0
2019-11-22 16:56:17.782,98.605,7.0
2019-11-22 16:58:02.709,98.605,3.0
2019-11-22 16:58:45.856,98.605,1.0
2019-11-22 16:58:45.856,98.605,20.0
2019-11-22 16:58:46.164,98.605,19.0
2019-11-22 16:58:46.266,98.605,6.0
2019-11-22 16:58:46.384,98.605,3.0
2019-11-22 17:00:19.533,98.605,2.0
2019-11-22 17:03:00.379,98.605,10.0
2019-11-22 17:03:00.428,98.605,5.0
2019-11-22 17:08:15.406,98.605,38.0
2019-11-22 17:08:15.416,98.605,4.0
2019-11-22 17:08:15.416,98.605,1.0
2019-11-22 17:08:15.416,98.605,1.0
2019-11-22 17:08:15.424,98.605,28.0
2019-11-22 17:08:15.424,98.605,1.0
2019-11-22 17:08:15.426,98.605,307.0
2019-11-22 17:08:15.426,98.605,13.0
2019-11-22 17:08:15.426,98.605,107.0
2019-11-22 17:09:12.878,98.605,10.0
2019-11-22 17:11:57.213,98.605,10.0
2019-11-22 17:12:17.702,98.605,10.0
2019-11-22 17:15:15.290,98.605,10.0
2019-11-22 17:34:23.673,98.605,10.0
2019-11-22 17:40:44.342,,81.0
2019-11-22 17:40:44.353,,235.0
2019-11-22 17:41:43.794,98.6,20.0
2019-11-22 17:41:43.914,98.6,31.0
2019-11-22 17:41:43.914,98.6,50.0
2019-11-22 17:41:43.924,98.6,10.0
2019-11-22 17:41:43.946,98.6,1.0
2019-11-22 17:41:43.956,98.6,37.0
2019-11-22 17:41:43.976,98.6,1.0
2019-11-22 17:44:04.874,98.595,8.0
2019-11-22 17:44:04.874,,112.0
2019-11-22 17:44:04.884,,6.0
2019-11-22 17:49:21.298,98.595,25.0
2019-11-22 17:49:21.338,98.595,10.0
2019-11-22 17:49:21.340,98.595,3.0
2019-11-22 17:49:50.450,98.595,60.0
2019-11-22 17:57:23.485,98.595,148.0
2019-11-22 17:57:23.503,98.595,37.0
2019-11-22 17:58:01.493,98.595,42.0
2019-11-22 17:58:34.566,98.595,10.0
2019-11-22 18:02:59.171,98.595,10.0
2019-11-22 18:16:34.811,98.595,10.0
2019-11-22 18:20:07.776,98.595,4.0
2019-11-22 18:26:09.576,98.595,1.0
2019-11-22 18:39:18.148,98.595,20.0
2019-11-22 18:39:20.579,98.595,10.0
2019-11-22 18:39:20.587,98.595,10.0
2019-11-22 18:39:20.607,98.595,10.0
2019-11-22 18:39:20.627,98.595,10.0
2019-11-22 18:39:20.647,98.595,10.0
2019-11-22 18:39:20.667,98.595,10.0
2019-11-22 18:39:20.697,98.595,10.0
2019-11-22 18:39:55.438,98.595,10.0
2019-11-22 18:41:04.488,98.595,20.0
2019-11-22 18:42:15.172,98.595,10.0
2019-11-22 18:42:16.352,98.595,10.0
2019-11-22 18:42:16.382,98.595,10.0
2019-11-22 18:42:16.402,98.595,10.0
2019-11-22 18:42:16.422,98.595,10.0
2019-11-22 18:42:16.440,98.595,10.0
2019-11-22 18:42:16.472,98.595,10.0
2019-11-22 18:42:16.482,98.595,10.0
2019-11-22 18:42:16.502,98.595,10.0
2019-11-22 18:42:16.521,98.595,30.0
2019-11-22 18:42:16.542,98.595,10.0
2019-11-22 18:42:27.740,98.595,10.0
2019-11-22 18:42:43.029,98.595,10.0
2019-11-22 18:43:00.731,98.595,20.0
2019-11-22 18:43:21.752,98.595,20.0
2019-11-22 18:43:45.959,98.595,10.0
2019-11-22 18:44:57.644,98.595,20.0
2019-11-22 18:45:59.354,98.595,10.0
2019-11-22 18:45:59.362,98.595,10.0
2019-11-22 18:45:59.384,98.595,10.0
2019-11-22 18:45:59.403,98.595,10.0
2019-11-22 18:45:59.412,98.595,10.0
2019-11-22 18:45:59.422,98.595,10.0
2019-11-22 18:45:59.454,98.595,10.0
2019-11-22 18:45:59.474,98.595,10.0
2019-11-22 18:45:59.484,98.595,10.0
2019-11-22 18:45:59.504,98.595,10.0
2019-11-22 18:45:59.522,98.595,10.0
2019-11-22 18:45:59.552,98.595,10.0
2019-11-22 18:45:59.574,98.595,10.0
2019-11-22 18:45:59.594,98.595,10.0
2019-11-22 18:45:59.614,98.595,10.0
2019-11-22 18:45:59.632,98.595,10.0
2019-11-22 18:46:13.172,98.595,10.0
2019-11-22 18:47:51.383,98.595,10.0
2019-11-22 18:53:11.542,,1.0
2019-11-22 19:08:35.288,98.595,14.0
2019-11-22 19:15:49.297,98.595,1.0
2019-11-22 19:30:12.071,98.595,100.0
2019-11-22 19:30:28.400,98.595,39.0
2019-11-22 19:30:28.421,98.595,11.0
2019-11-22 19:55:19.459,98.59,470.0
2019-11-22 19:55:25.056,98.59,4.0
2019-11-22 19:55:38.265,98.59,1.0
2019-11-22 19:55:38.265,98.59,2.0
2019-11-22 19:55:38.295,98.59,1.0
2019-11-22 19:55:38.297,98.59,2.0
2019-11-22 20:23:39.817,98.595,22.0
2019-11-22 20:24:04.347,98.595,10.0
2019-11-22 20:28:39.916,98.595,2.0
2019-11-22 20:28:39.916,98.595,2.0
2019-11-22 20:30:00.234,98.595,8.0
2019-11-22 20:30:32.572,98.595,8.0
2019-11-22 20:39:51.051,98.595,31.0
2019-11-22 20:39:51.141,98.595,27.0
2019-11-22 20:39:51.141,98.595,61.0
2019-11-22 20:47:36.731,98.595,33.0
2019-11-22 20:48:45.342,98.595,60.0
2019-11-22 20:48:46.842,98.595,10.0
2019-11-22 20:50:14.651,98.6,192.0
2019-11-22 20:50:14.711,98.6,90.0
2019-11-22 20:50:14.731,98.6,1.0
2019-11-22 20:50:14.761,98.6,10.0
2019-11-22 20:50:14.771,98.6,37.0
2019-11-22 20:50:14.771,98.6,5.0
2019-11-22 20:50:16.289,98.6,148.0
2019-11-22 20:50:16.289,98.6,204.0
2019-11-22 20:50:16.291,98.6,204.0
2019-11-22 20:50:16.291,98.6,8.0
2019-11-22 20:54:45.145,98.605,178.0
2019-11-22 20:54:45.155,98.605,148.0
2019-11-22 20:54:45.155,98.605,8.0
2019-11-22 20:54:45.155,98.605,28.0
2019-11-22 20:54:45.157,98.605,20.0
2019-11-22 20:54:45.167,98.605,120.0
2019-11-22 20:54:45.177,98.605,3.0
2019-11-22 20:54:51.088,98.605,6.0
2019-11-22 20:56:07.531,98.605,1.0
2019-11-22 20:56:07.531,98.605,2.0
2019-11-22 20:56:07.541,98.605,1.0
2019-11-22 20:56:07.541,98.605,2.0
2019-11-22 20:56:07.541,98.605,1.0
2019-11-22 20:56:07.543,98.605,2.0
2019-11-22 20:56:07.543,98.605,3.0
2019-11-22 20:56:07.551,98.605,3.0
2019-11-22 20:56:07.561,98.605,1.0
2019-11-22 20:56:07.561,98.605,1.0
2019-11-22 20:56:07.571,98.605,2.0
2019-11-22 20:56:07.611,98.605,1.0
2019-11-22 20:56:07.611,98.605,44.0
2019-11-22 20:56:07.611,98.605,1.0
2019-11-22 20:56:07.663,,1.0
2019-11-22 20:56:08.242,98.605,37.0
2019-11-22 21:10:17.938,,1.0
2019-11-22 21:18:13.133,98.6,1.0
2019-11-22 21:18:13.133,98.6,26.0
2019-11-22 21:18:13.135,98.6,22.0
2019-11-22 21:18:13.154,98.6,1.0
2019-11-22 21:18:15.615,98.6,1.0
2019-11-22 21:18:20.974,98.6,4.0
2019-11-22 21:18:24.342,98.6,67.0
2019-11-22 21:21:58.358,,1.0
2019-11-22 21:22:06.859,,40.0
2019-11-22 21:27:47.600,98.595,22.0
2019-11-22 21:54:59.992,98.595,10.0
2019-11-22 21:55:43.259,98.595,22.0
2019-11-22 21:58:30.751,98.595,1.0
2019-11-24 23:28:31.164,98.59,4.0
2019-11-24 23:28:31.184,98.59,1.0
2019-11-25 01:33:34.653,98.59,1.0
2019-11-25 01:38:23.371,98.59,3.0
2019-11-25 02:50:01.140,98.595,2.0
2019-11-25 04:20:46.374,98.595,14.0
2019-11-25 06:06:01.192,,17.0
2019-11-25 06:16:39.313,98.585,3.0
2019-11-25 06:35:20.591,98.585,12.0
2019-11-25 06:35:20.601,98.585,5.0
2019-11-25 07:00:55.001,98.59,2.0
2019-11-25 07:02:07.041,98.59,2.0
2019-11-25 07:02:08.392,98.59,10.0
2019-11-25 07:02:08.392,98.59,1.0
2019-11-25 07:25:02.131,98.59,48.0
2019-11-25 07:26:35.859,98.59,2.0
2019-11-25 07:26:41.371,98.59,2.0
2019-11-25 07:26:41.891,98.59,2.0
2019-11-25 07:27:27.655,98.59,2.0
2019-11-25 07:27:35.352,98.59,2.0
2019-11-25 07:27:35.754,98.59,2.0
2019-11-25 07:27:53.892,98.59,2.0
2019-11-25 07:27:54.100,98.59,3.0
2019-11-25 07:27:54.552,98.59,2.0
2019-11-25 07:27:59.971,98.59,3.0
2019-11-25 07:28:39.807,98.59,3.0
2019-11-25 07:28:42.028,98.59,4.0
2019-11-25 07:37:32.435,98.59,25.0
2019-11-25 07:49:45.054,98.59,33.0
2019-11-25 07:49:45.073,98.59,18.0
2019-11-25 07:52:53.333,98.59,44.0
2019-11-25 07:58:46.230,98.59,3.0
2019-11-25 07:58:46.238,98.59,3.0
2019-11-25 07:58:46.238,98.59,2.0
2019-11-25 07:58:46.238,98.59,3.0
2019-11-25 07:58:46.240,98.59,3.0
2019-11-25 07:58:46.240,98.59,2.0
2019-11-25 07:58:46.248,98.59,10.0
2019-11-25 08:00:21.058,98.59,36.0
2019-11-25 08:01:10.127,98.59,5.0
2019-11-25 08:02:59.207,98.59,5.0
2019-11-25 08:19:51.457,,1.0
2019-11-25 08:19:55.928,,1.0
2019-11-25 08:21:23.247,,1.0
2019-11-25 08:24:12.214,98.59,1.0
2019-11-25 08:24:12.216,98.59,16.0
2019-11-25 08:24:12.226,98.59,10.0
2019-11-25 08:24:12.496,98.59,1.0
2019-11-25 08:24:12.496,98.59,21.0
2019-11-25 08:25:56.855,98.59,24.0
2019-11-25 08:31:05.815,98.59,6.0
2019-11-25 08:31:09.847,,1.0
2019-11-25 08:31:10.918,,1.0
2019-11-25 08:31:11.978,,1.0
2019-11-25 08:31:14.207,,1.0
2019-11-25 08:31:14.285,,1.0
2019-11-25 08:31:14.285,,1.0
2019-11-25 08:31:14.367,,8.0
2019-11-25 08:48:20.581,98.585,1.0
2019-11-25 08:49:03.884,98.585,10.0
2019-11-25 08:49:03.896,98.585,4.0
2019-11-25 08:49:03.896,98.585,22.0
2019-11-25 08:49:03.904,98.585,5.0
2019-11-25 08:49:03.944,98.585,38.0
2019-11-25 08:49:04.016,98.585,13.0
2019-11-25 08:49:04.026,98.585,42.0
2019-11-25 08:49:29.255,,80.0
2019-11-25 09:01:18.828,,2.0
2019-11-25 09:09:15.533,98.59,27.0
2019-11-25 09:09:15.554,98.59,26.0
2019-11-25 09:19:38.658,,2.0
2019-11-25 09:21:42.062,98.585,10.0
2019-11-25 09:21:42.070,98.585,1.0
2019-11-25 09:21:42.070,98.585,8.0
2019-11-25 09:21:42.090,98.585,2.0
2019-11-25 09:21:42.102,98.585,6.0
2019-11-25 09:32:03.412,,10.0
2019-11-25 09:32:04.552,,10.0
2019-11-25 09:32:09.712,,10.0
2019-11-25 09:32:11.362,,10.0
2019-11-25 09:32:15.932,,10.0
2019-11-25 09:32:21.082,,10.0
2019-11-25 09:32:24.251,,6.0
2019-11-25 09:37:54.856,98.585,7.0
2019-11-25 09:37:54.875,98.585,10.0
2019-11-25 09:50:24.257,98.585,5.0
2019-11-25 09:50:24.257,98.585,11.0
2019-11-25 10:03:54.128,,12.0
2019-11-25 10:03:55.257,,12.0
2019-11-25 10:31:01.468,98.585,41.0
2019-11-25 10:35:44.545,98.585,7.0
2019-11-25 10:44:12.822,98.585,5.0
2019-11-25 11:10:37.170,98.585,5.0
2019-11-25 12:02:31.079,98.58,25.0
2019-11-25 12:02:31.089,98.58,23.0
2019-11-25 12:02:31.091,,181.0
2019-11-25 12:02:31.091,,35.0
2019-11-25 12:02:31.099,98.58,1.0
2019-11-25 12:02:31.101,98.58,1.0
2019-11-25 12:02:31.101,98.58,1.0
2019-11-25 12:02:31.101,98.58,1.0
2019-11-25 12:03:00.158,98.58,1.0
2019-11-25 12:03:00.158,,96.0
2019-11-25 12:03:00.158,98.58,2.0
2019-11-25 12:03:00.178,98.58,10.0
2019-11-25 12:04:48.566,98.58,7.0
2019-11-25 12:04:51.227,,1.0
2019-11-25 12:06:22.707,,1.0
2019-11-25 12:06:28.568,,1.0
2019-11-25 12:21:00.334,98.58,5.0
2019-11-25 12:21:00.345,98.58,1.0
2019-11-25 12:21:01.145,,30.0
2019-11-25 12:21:27.153,98.58,5.0
2019-11-25 12:33:30.357,98.58,4.0
2019-11-25 12:33:30.367,98.58,3.0
2019-11-25 12:33:30.567,98.58,5.0
2019-11-25 12:42:04.049,98.58,5.0
2019-11-25 12:51:42.577,98.58,28.0
2019-11-25 12:51:42.577,,4.0
2019-11-25 12:51:42.587,98.58,178.0
2019-11-25 12:51:42.587,98.58,2.0
2019-11-25 13:01:34.272,98.58,3.0
2019-11-25 13:02:55.097,98.58,7.0
2019-11-25 13:05:33.918,98.58,39.0
2019-11-25 13:09:52.559,98.575,2.0
2019-11-25 13:09:52.559,98.575,38.0
2019-11-25 13:09:52.560,98.575,10.0
2019-11-25 13:09:52.693,,1.0
2019-11-25 13:09:58.541,,6.0
2019-11-25 13:11:23.808,,6.0
2019-11-25 13:11:54.113,98.575,7.0
2019-11-25 13:11:54.115,98.575,1.0
2019-11-25 13:11:54.195,98.575,10.0
2019-11-25 13:12:41.851,,1.0
2019-11-25 13:13:39.843,,5.0
2019-11-25 13:15:05.386,98.575,6.0
2019-11-25 13:15:05.395,98.575,4.0
2019-11-25 13:18:36.123,,13.0
2019-11-25 13:18:36.133,,2.0
2019-11-25 13:19:27.790,98.575,15.0
2019-11-25 13:20:01.349,98.575,7.0
2019-11-25 13:24:47.672,98.575,10.0
2019-11-25 13:24:57.401,98.575,10.0
2019-11-25 13:35:09.512,98.58,12.0
2019-11-25 13:35:09.652,98.58,3.0
2019-11-25 13:35:16.939,98.58,10.0
2019-11-25 13:42:24.518,98.575,41.0
2019-11-25 13:43:07.279,98.575,15.0
2019-11-25 13:43:07.279,98.575,2.0
2019-11-25 13:43:09.730,98.575,6.0
2019-11-25 13:43:30.109,98.575,2.0
2019-11-25 13:43:30.127,98.575,8.0
2019-11-25 13:43:46.259,98.575,10.0
2019-11-25 13:47:15.708,98.575,10.0
2019-11-25 13:48:05.177,98.575,11.0
2019-11-25 13:48:42.555,98.575,10.0
2019-11-25 13:49:52.860,98.575,1.0
2019-11-25 13:51:24.818,98.575,10.0
2019-11-25 13:51:24.930,98.575,10.0
2019-11-25 13:52:22.886,98.575,10.0
2019-11-25 14:10:03.413,98.575,1.0
2019-11-25 14:10:54.271,98.575,1.0
2019-11-25 14:10:54.311,98.575,148.0
2019-11-25 14:10:54.471,98.575,3.0
2019-11-25 14:10:54.471,98.575,19.0
2019-11-25 14:11:22.970,98.575,154.0
2019-11-25 14:11:45.762,98.575,30.0
2019-11-25 14:11:45.842,98.575,50.0
2019-11-25 14:11:45.962,98.575,4.0
2019-11-25 14:11:45.962,98.575,1.0
2019-11-25 14:11:59.620,98.575,1.0
2019-11-25 14:11:59.632,98.575,3.0
2019-11-25 14:12:01.150,98.575,20.0
2019-11-25 14:13:06.375,98.575,1.0
2019-11-25 14:13:12.018,98.575,13.0
2019-11-25 14:13:12.026,98.575,38.0
2019-11-25 14:13:12.028,98.575,5.0
2019-11-25 14:16:41.711,98.575,4.0
2019-11-25 14:20:27.676,,150.0
2019-11-25 14:33:18.035,98.575,6.0
2019-11-25 14:33:18.064,98.575,1.0
2019-11-25 14:33:18.084,98.575,5.0
2019-11-25 14:36:47.753,98.575,17.0
2019-11-25 14:36:47.763,98.575,7.0
2019-11-25 14:36:47.775,98.575,3.0
2019-11-25 14:40:21.442,98.575,2.0
2019-11-25 14:42:45.692,98.575,8.0
2019-11-25 14:43:47.727,98.575,62.0
2019-11-25 14:46:13.775,98.575,20.0
2019-11-25 14:49:14.822,98.58,10.0
2019-11-25 15:02:57.311,98.585,1.0
2019-11-25 15:04:48.455,98.58,10.0
2019-11-25 15:12:13.248,98.575,17.0
2019-11-25 15:12:13.248,,2.0
2019-11-25 15:12:13.269,,2.0
2019-11-25 15:12:13.277,98.575,114.0
2019-11-25 15:12:13.279,,2.0
2019-11-25 15:12:13.339,98.575,10.0
2019-11-25 15:12:13.349,98.575,10.0
2019-11-25 15:14:06.206,,10.0
2019-11-25 15:28:37.823,98.575,37.0
2019-11-25 15:28:38.152,98.575,1.0
2019-11-25 15:28:38.152,98.575,19.0
2019-11-25 15:28:38.152,98.575,1.0
2019-11-25 15:28:38.233,,2.0
2019-11-25 15:29:08.334,98.575,10.0
2019-11-25 15:41:40.062,98.575,100.0
2019-11-25 15:42:22.984,98.575,1.0
2019-11-25 15:44:17.251,98.575,20.0
2019-11-25 15:44:17.313,98.575,13.0
2019-11-25 15:48:31.921,,2.0
2019-11-25 15:48:31.921,,4.0
2019-11-25 15:48:31.941,,2.0
2019-11-25 15:48:31.999,,4.0
2019-11-25 15:48:32.001,,4.0
2019-11-25 15:49:23.270,,2.0
2019-11-25 15:49:23.392,,2.0
2019-11-25 15:53:18.152,98.575,21.0
2019-11-25 15:53:24.982,98.575,10.0
2019-11-25 15:54:57.446,,10.0
2019-11-25 15:59:14.480,98.575,10.0
2019-11-25 16:00:31.525,98.575,2.0
2019-11-25 16:01:07.237,98.575,20.0
2019-11-25 16:01:07.246,98.575,71.0
2019-11-25 16:01:07.346,98.575,1.0
2019-11-25 16:01:07.346,98.575,9.0
2019-11-25 16:12:05.660,,6.0
2019-11-25 16:12:31.338,,4.0
2019-11-25 16:12:33.088,,1.0
2019-11-25 16:15:13.709,98.575,200.0
2019-11-25 16:15:13.727,98.575,10.0
2019-11-25 16:41:29.745,98.575,17.0
2019-11-25 16:41:29.785,98.575,24.0
2019-11-25 16:41:29.893,98.575,9.0
2019-11-25 16:41:32.772,98.575,1.0
2019-11-25 16:44:40.473,,5.0
2019-11-25 16:44:40.473,,6.0
2019-11-25 16:44:40.473,,2.0
2019-11-25 16:44:40.473,,2.0
2019-11-25 16:44:40.605,,2.0
2019-11-25 16:47:23.751,98.575,2.0
2019-11-25 16:47:23.761,98.575,23.0
2019-11-25 16:47:43.743,98.575,45.0
2019-11-25 16:50:21.359,98.575,1.0
2019-11-25 16:50:21.371,98.575,9.0
2019-11-25 16:51:18.053,,2.0
2019-11-25 16:51:18.053,,236.0
2019-11-25 16:51:18.053,,12.0
2019-11-25 16:51:18.061,,20.0
2019-11-25 16:51:18.061,,34.0
2019-11-25 16:51:18.061,,2.0
2019-11-25 16:51:28.612,,2.0
2019-11-25 16:52:07.115,,2.0
2019-11-25 16:53:23.268,,2.0
2019-11-25 16:53:25.048,,2.0
2019-11-25 16:54:13.670,,2.0
2019-11-25 16:54:16.191,,2.0
2019-11-25 16:54:16.249,,2.0
2019-11-25 16:54:33.781,,4.0
2019-11-25 16:54:33.781,,10.0
2019-11-25 16:55:15.183,,4.0
2019-11-25 16:55:15.183,,4.0
2019-11-25 17:45:46.543,98.57,143.0
2019-11-25 17:45:46.553,98.57,73.0
2019-11-25 17:45:46.561,98.57,17.0
2019-11-25 17:45:46.561,98.57,3.0
2019-11-25 17:45:46.561,98.57,12.0
2019-11-25 17:45:46.563,98.57,12.0
2019-11-25 17:45:46.563,98.57,4.0
2019-11-25 17:45:56.492,98.57,4.0
2019-11-25 17:55:56.630,98.57,10.0
2019-11-25 18:34:30.443,,4.0
2019-11-25 18:44:17.636,,5.0
2019-11-25 18:45:14.455,98.575,10.0
2019-11-25 18:45:14.475,98.575,9.0
2019-11-25 18:45:14.475,98.575,8.0
2019-11-25 18:45:14.483,98.575,21.0
2019-11-25 19:05:21.368,,5.0
2019-11-25 19:17:28.941,,15.0
2019-11-25 19:17:28.943,,5.0
2019-11-25 19:30:12.021,98.575,2.0
2019-11-25 19:39:08.789,98.575,31.0
2019-11-25 19:39:08.799,98.575,3.0
2019-11-25 19:40:19.834,98.575,2.0
2019-11-25 19:40:19.846,98.575,7.0
2019-11-25 19:42:23.137,98.575,1.0
2019-11-25 20:00:04.200,98.575,10.0
2019-11-25 20:00:04.200,98.575,6.0
2019-11-25 21:14:43.358,98.575,1.0
2019-11-25 21:14:43.360,98.575,2.0
2019-11-25 21:14:43.360,98.575,2.0
2019-11-25 21:14:43.368,98.575,3.0
2019-11-25 21:14:43.368,98.575,6.0
2019-11-25 21:14:43.370,98.575,4.0
2019-11-25 21:14:43.370,98.575,4.0
2019-11-25 21:15:43.485,98.575,1.0
2019-11-25 21:15:43.495,98.575,3.0
2019-11-25 21:15:43.495,98.575,3.0
2019-11-25 21:15:49.126,98.575,17.0
2019-11-25 21:15:49.126,98.575,1.0
2019-11-25 21:15:49.126,98.575,6.0
2019-11-25 21:16:03.093,98.575,1.0
2019-11-25 21:16:03.114,98.575,2.0
2019-11-25 21:16:14.713,98.575,1.0
2019-11-25 21:16:14.723,98.575,3.0
2019-11-25 21:18:09.471,98.575,10.0
2019-11-25 21:32:54.274,98.58,8.0
2019-11-25 21:33:27.661,98.58,9.0
2019-11-25 21:33:27.661,98.58,2.0
