Date,VALUE,VOLUME
2019-11-22 16:58:58.734,98.635,10.0
2019-11-22 16:58:58.736,98.635,9.0
2019-11-22 16:58:59.416,,20.0
2019-11-22 16:59:18.284,,20.0
2019-11-22 16:59:31.144,98.635,12.0
2019-11-22 16:59:46.326,98.635,3.0
2019-11-22 17:00:10.719,98.635,2.0
2019-11-22 17:00:14.790,,20.0
2019-11-22 17:00:31.500,98.635,5.0
2019-11-22 17:00:48.910,,20.0
2019-11-22 17:01:02.498,98.635,1.0
2019-11-22 17:01:02.510,98.635,11.0
2019-11-22 17:01:43.860,,11.0
2019-11-22 17:01:43.860,,9.0
2019-11-22 17:03:32.348,98.635,19.0
2019-11-22 17:04:10.706,98.635,2.0
2019-11-22 17:04:10.717,98.635,1.0
2019-11-22 17:04:10.717,98.635,24.0
2019-11-22 17:04:10.717,98.635,14.0
2019-11-22 17:04:10.728,98.635,14.0
2019-11-22 17:04:10.808,98.635,1.0
2019-11-22 17:04:10.808,98.635,1.0
2019-11-22 17:04:10.808,98.635,8.0
2019-11-22 17:04:10.808,98.635,10.0
2019-11-22 17:07:00.562,98.635,13.0
2019-11-22 17:40:44.433,,81.0
2019-11-22 17:40:44.443,,235.0
2019-11-22 17:41:43.552,,4.0
2019-11-22 17:41:43.601,98.63,10.0
2019-11-22 17:41:43.651,98.63,6.0
2019-11-22 17:41:43.681,98.63,2.0
2019-11-22 17:41:43.691,98.63,1.0
2019-11-22 17:41:43.691,98.63,7.0
2019-11-22 17:41:43.700,98.63,4.0
2019-11-22 17:41:43.700,98.63,2.0
2019-11-22 17:41:43.701,98.63,77.0
2019-11-22 17:41:43.701,98.63,1.0
2019-11-22 17:41:43.704,98.63,14.0
2019-11-22 17:41:43.710,98.63,6.0
2019-11-22 17:41:43.711,98.63,2.0
2019-11-22 17:41:43.711,98.63,4.0
2019-11-22 17:41:43.711,98.63,7.0
2019-11-22 17:41:43.720,98.63,1.0
2019-11-22 17:41:43.720,98.63,2.0
2019-11-22 17:41:43.720,98.63,8.0
2019-11-22 17:41:43.720,98.63,29.0
2019-11-22 17:41:43.720,98.63,1.0
2019-11-22 17:41:43.720,,2.0
2019-11-22 17:41:43.721,98.63,1.0
2019-11-22 17:41:43.721,98.63,4.0
2019-11-22 17:41:43.721,98.63,5.0
2019-11-22 17:41:43.721,98.63,2.0
2019-11-22 17:41:43.724,98.63,2.0
2019-11-22 17:41:43.724,98.63,3.0
2019-11-22 17:41:43.734,98.63,3.0
2019-11-22 17:41:43.961,98.63,141.0
2019-11-22 17:41:43.971,98.63,270.0
2019-11-22 17:41:44.361,98.625,12.0
2019-11-22 17:41:44.361,98.625,9.0
2019-11-22 17:41:44.571,98.625,5.0
2019-11-22 17:41:48.759,98.625,14.0
2019-11-22 17:41:48.759,98.625,1.0
2019-11-22 17:41:48.769,98.625,2.0
2019-11-22 17:41:48.771,98.625,10.0
2019-11-22 17:41:52.671,98.625,12.0
2019-11-22 17:41:52.679,98.625,6.0
2019-11-22 17:41:53.301,98.625,5.0
2019-11-22 17:41:56.261,98.625,340.0
2019-11-22 17:41:56.261,,5.0
2019-11-22 17:41:56.371,98.625,4.0
2019-11-22 17:41:56.371,98.625,1.0
2019-11-22 17:41:57.551,98.625,78.0
2019-11-22 17:41:57.551,,5.0
2019-11-22 17:41:57.551,98.625,39.0
2019-11-22 17:42:12.570,98.625,2.0
2019-11-22 17:42:16.791,98.625,1.0
2019-11-22 17:42:17.971,98.625,6.0
2019-11-22 17:42:17.971,,5.0
2019-11-22 17:42:33.230,98.625,80.0
2019-11-22 17:42:33.240,98.625,1.0
2019-11-22 17:42:33.278,98.625,1.0
2019-11-22 17:42:33.278,98.625,1.0
2019-11-22 17:42:33.288,98.625,1.0
2019-11-22 17:42:33.288,98.625,1.0
2019-11-22 17:42:33.300,98.625,1.0
2019-11-22 17:42:33.318,98.625,1.0
2019-11-22 17:42:33.340,98.625,1.0
2019-11-22 17:42:33.370,98.625,1.0
2019-11-22 17:42:33.400,98.625,1.0
2019-11-22 17:42:33.420,98.625,1.0
2019-11-22 17:42:33.450,98.625,2.0
2019-11-22 17:42:34.260,98.625,2.0
2019-11-22 17:42:34.288,98.625,2.0
2019-11-22 17:42:45.719,,1.0
2019-11-22 17:42:45.729,,2.0
2019-11-22 17:42:45.729,,13.0
2019-11-22 17:43:01.738,98.625,10.0
2019-11-22 17:43:32.546,98.625,3.0
2019-11-22 17:44:04.962,98.625,8.0
2019-11-22 17:44:04.964,,112.0
2019-11-22 17:44:04.972,,1.0
2019-11-22 17:44:04.972,,1.0
2019-11-22 17:44:04.972,,3.0
2019-11-22 17:46:13.972,98.625,15.0
2019-11-22 17:46:16.802,98.625,10.0
2019-11-22 17:51:21.524,98.62,14.0
2019-11-22 17:51:21.542,98.62,8.0
2019-11-22 17:51:21.564,,5.0
2019-11-22 17:51:21.564,,1.0
2019-11-22 17:51:23.822,98.62,10.0
2019-11-22 17:51:36.882,,1.0
2019-11-22 17:51:36.884,98.62,10.0
2019-11-22 17:51:36.884,,1.0
2019-11-22 17:51:37.224,98.62,6.0
2019-11-22 17:51:37.524,,2.0
2019-11-22 17:51:37.524,,1.0
2019-11-22 17:51:43.055,98.62,66.0
2019-11-22 17:51:43.065,,1.0
2019-11-22 17:51:43.075,98.62,50.0
2019-11-22 17:51:43.105,98.62,50.0
2019-11-22 17:51:43.115,,2.0
2019-11-22 17:51:43.123,,2.0
2019-11-22 17:51:43.135,98.62,29.0
2019-11-22 17:51:59.754,98.62,3.0
2019-11-22 17:52:00.302,98.62,10.0
2019-11-22 17:52:00.584,,107.0
2019-11-22 17:52:00.584,98.62,8.0
2019-11-22 17:52:00.593,,29.0
2019-11-22 17:52:00.593,,64.0
2019-11-22 17:52:00.593,,27.0
2019-11-22 17:52:00.604,,1.0
2019-11-22 17:53:07.189,98.62,10.0
2019-11-22 17:53:39.911,,5.0
2019-11-22 17:55:05.776,98.62,22.0
2019-11-22 17:55:19.827,98.62,1.0
2019-11-22 17:55:51.975,98.62,9.0
2019-11-22 17:55:51.985,98.62,9.0
2019-11-22 17:55:51.985,98.62,10.0
2019-11-22 17:55:51.985,98.62,11.0
2019-11-22 17:56:13.812,98.62,10.0
2019-11-22 17:57:01.195,98.62,2.0
2019-11-22 17:58:34.685,98.62,10.0
2019-11-22 17:58:59.341,98.62,7.0
2019-11-22 17:58:59.341,,143.0
2019-11-22 17:58:59.351,98.62,2.0
2019-11-22 18:02:27.673,98.62,52.0
2019-11-22 18:02:27.713,98.62,60.0
2019-11-22 18:02:27.713,,5.0
2019-11-22 18:02:27.723,98.62,5.0
2019-11-22 18:05:28.171,98.62,10.0
2019-11-22 18:06:51.537,98.62,10.0
2019-11-22 18:09:26.115,98.62,111.0
2019-11-22 18:09:42.975,98.62,27.0
2019-11-22 18:09:42.975,,5.0
2019-11-22 18:09:42.985,98.62,12.0
2019-11-22 18:09:47.446,98.62,5.0
2019-11-22 18:09:50.845,98.62,5.0
2019-11-22 18:09:55.233,98.62,5.0
2019-11-22 18:09:55.465,98.62,42.0
2019-11-22 18:09:57.246,98.62,40.0
2019-11-22 18:10:01.225,98.62,19.0
2019-11-22 18:10:01.235,98.62,42.0
2019-11-22 18:10:20.326,98.62,5.0
2019-11-22 18:20:32.721,98.62,5.0
2019-11-22 18:20:33.421,98.62,5.0
2019-11-22 18:20:34.321,98.62,5.0
2019-11-22 18:20:35.451,98.62,10.0
2019-11-22 18:20:36.121,98.62,5.0
2019-11-22 18:20:36.899,98.62,1.0
2019-11-22 18:20:36.911,98.62,4.0
2019-11-22 18:20:40.691,98.62,5.0
2019-11-22 18:29:21.786,98.62,9.0
2019-11-22 18:29:21.786,98.62,9.0
2019-11-22 18:29:21.786,98.62,1.0
2019-11-22 18:33:19.617,,11.0
2019-11-22 18:38:57.325,98.62,10.0
2019-11-22 18:39:08.288,98.62,2.0
2019-11-22 18:49:14.910,98.625,1.0
2019-11-22 18:49:19.768,98.625,7.0
2019-11-22 18:49:51.317,98.625,12.0
2019-11-22 18:50:38.563,98.625,3.0
2019-11-22 18:51:53.421,98.625,9.0
2019-11-22 18:55:32.372,,50.0
2019-11-22 18:55:57.774,98.625,1.0
2019-11-22 19:08:15.178,98.625,9.0
2019-11-22 19:08:15.290,98.625,4.0
2019-11-22 19:17:17.635,98.62,19.0
2019-11-22 19:21:47.412,98.62,1.0
2019-11-22 19:22:02.282,,6.0
2019-11-22 19:22:02.290,,6.0
2019-11-22 19:22:02.290,,6.0
2019-11-22 19:22:49.773,98.62,7.0
2019-11-22 19:26:55.662,,1.0
2019-11-22 19:28:19.985,98.62,10.0
2019-11-22 19:35:44.824,98.62,16.0
2019-11-22 19:35:44.824,98.62,1.0
2019-11-22 19:35:44.824,98.62,2.0
2019-11-22 19:35:44.834,98.62,3.0
2019-11-22 19:35:44.834,98.62,4.0
2019-11-22 19:35:44.844,98.62,64.0
2019-11-22 19:38:15.446,98.62,10.0
2019-11-22 19:38:15.455,98.62,2.0
2019-11-22 19:38:43.360,98.62,10.0
2019-11-22 19:43:54.675,98.62,5.0
2019-11-22 19:43:54.686,98.62,11.0
2019-11-22 19:43:54.686,98.62,9.0
2019-11-22 19:43:54.694,98.62,2.0
2019-11-22 19:43:54.696,98.62,3.0
2019-11-22 19:43:54.696,98.62,6.0
2019-11-22 19:45:58.313,98.62,10.0
2019-11-22 19:46:35.549,,9.0
2019-11-22 19:49:05.212,,6.0
2019-11-22 19:49:05.234,,6.0
2019-11-22 19:55:38.232,98.615,2.0
2019-11-22 19:55:38.232,98.615,1.0
2019-11-22 19:55:38.274,98.615,3.0
2019-11-22 19:59:08.923,,1.0
2019-11-22 19:59:08.923,,1.0
2019-11-22 19:59:09.021,,3.0
2019-11-22 20:00:00.206,98.62,117.0
2019-11-22 20:00:00.494,98.62,10.0
2019-11-22 20:04:00.918,98.62,1.0
2019-11-22 20:04:00.918,98.62,1.0
2019-11-22 20:04:00.918,98.62,1.0
2019-11-22 20:04:00.928,98.62,85.0
2019-11-22 20:05:01.496,98.62,10.0
2019-11-22 20:05:07.295,98.62,2.0
2019-11-22 20:05:07.325,98.62,10.0
2019-11-22 20:05:07.395,98.62,21.0
2019-11-22 20:06:13.743,98.62,10.0
2019-11-22 20:07:20.384,98.62,10.0
2019-11-22 20:07:22.033,98.62,2.0
2019-11-22 20:09:58.063,98.62,10.0
2019-11-22 20:13:12.643,98.62,8.0
2019-11-22 20:13:42.169,98.62,10.0
2019-11-22 20:13:42.171,98.62,23.0
2019-11-22 20:15:31.308,98.62,3.0
2019-11-22 20:16:37.608,98.62,10.0
2019-11-22 20:18:42.281,98.62,2.0
2019-11-22 20:48:43.143,98.62,291.0
2019-11-22 20:48:43.193,98.62,60.0
2019-11-22 20:50:14.647,98.625,20.0
2019-11-22 20:50:14.666,98.625,13.0
2019-11-22 20:50:14.666,98.625,183.0
2019-11-22 20:50:14.666,98.625,293.0
2019-11-22 20:50:14.668,98.625,141.0
2019-11-22 20:50:14.668,98.625,50.0
2019-11-22 20:53:14.357,98.63,118.0
2019-11-22 20:53:14.359,98.63,1.0
2019-11-22 20:53:14.359,98.63,6.0
2019-11-22 20:53:42.489,98.63,45.0
2019-11-22 20:54:45.118,98.63,56.0
2019-11-22 20:54:45.138,98.63,275.0
2019-11-22 20:56:07.618,98.63,40.0
2019-11-22 20:56:07.658,98.63,3.0
2019-11-22 20:56:07.668,,1.0
2019-11-22 20:56:11.841,,1.0
2019-11-22 20:56:11.999,98.63,114.0
2019-11-22 20:56:22.091,98.63,7.0
2019-11-22 20:56:37.790,98.63,6.0
2019-11-22 20:56:58.890,98.63,1.0
2019-11-22 20:56:58.890,98.63,3.0
2019-11-22 20:56:58.892,98.63,2.0
2019-11-22 20:56:58.900,98.63,3.0
2019-11-22 20:56:58.902,98.63,20.0
2019-11-22 20:56:58.902,98.63,3.0
2019-11-22 20:57:12.542,98.63,6.0
2019-11-22 20:57:41.771,98.63,10.0
2019-11-22 21:04:54.455,98.63,6.0
2019-11-22 21:05:03.236,98.63,19.0
2019-11-22 21:18:43.030,98.625,1.0
2019-11-22 21:18:43.030,98.625,2.0
2019-11-22 21:18:43.030,98.625,1.0
2019-11-22 21:18:43.030,98.625,1.0
2019-11-22 21:18:43.030,98.625,1.0
2019-11-22 21:18:43.030,98.625,1.0
2019-11-22 21:18:43.030,98.625,1.0
2019-11-22 21:18:43.030,98.625,1.0
2019-11-22 21:18:43.030,98.625,1.0
2019-11-22 21:18:43.032,98.625,1.0
2019-11-22 21:18:43.032,98.625,1.0
2019-11-22 21:18:43.042,98.625,76.0
2019-11-22 21:19:07.811,98.625,3.0
2019-11-22 21:19:09.901,98.625,3.0
2019-11-22 21:19:38.319,98.625,3.0
2019-11-22 21:21:09.911,98.625,10.0
2019-11-22 21:21:09.951,98.625,15.0
2019-11-22 21:21:09.951,98.625,10.0
2019-11-22 21:28:58.294,98.625,4.0
2019-11-22 21:38:37.947,98.625,25.0
2019-11-22 21:39:11.546,98.625,2.0
2019-11-22 21:39:11.556,98.625,1.0
2019-11-22 21:49:26.851,98.625,7.0
2019-11-22 21:49:26.851,98.625,1.0
2019-11-22 21:55:00.066,98.62,14.0
2019-11-22 21:55:43.299,98.62,22.0
2019-11-22 21:55:43.309,98.62,24.0
2019-11-22 21:58:30.798,98.62,2.0
2019-11-22 21:59:51.309,98.62,1.0
2019-11-24 23:28:31.168,98.615,2.0
2019-11-24 23:28:31.168,,1.0
2019-11-25 00:45:51.412,98.615,1.0
2019-11-25 01:14:11.406,98.615,3.0
2019-11-25 01:14:11.616,98.615,2.0
2019-11-25 01:14:14.056,98.615,1.0
2019-11-25 01:14:14.547,98.615,1.0
2019-11-25 01:14:17.267,98.615,1.0
2019-11-25 01:14:17.597,98.615,1.0
2019-11-25 01:14:20.726,98.615,1.0
2019-11-25 01:14:21.134,98.615,1.0
2019-11-25 01:14:24.255,98.615,1.0
2019-11-25 01:14:24.656,98.615,1.0
2019-11-25 01:14:28.516,98.62,10.0
2019-11-25 01:14:28.526,,6.0
2019-11-25 01:15:33.789,98.615,1.0
2019-11-25 01:17:22.435,98.615,1.0
2019-11-25 01:17:22.785,98.615,1.0
2019-11-25 01:17:25.265,98.615,1.0
2019-11-25 01:17:42.954,98.615,32.0
2019-11-25 01:18:09.784,98.615,2.0
2019-11-25 01:22:15.224,98.61,1.0
2019-11-25 01:33:33.497,98.615,1.0
2019-11-25 01:33:33.507,98.615,1.0
2019-11-25 01:33:34.627,98.615,1.0
2019-11-25 01:33:34.637,98.615,9.0
2019-11-25 01:33:34.637,98.615,9.0
2019-11-25 01:33:34.637,98.615,2.0
2019-11-25 01:33:34.647,98.615,1.0
2019-11-25 01:38:15.474,98.615,1.0
2019-11-25 01:38:22.862,98.615,4.0
2019-11-25 05:04:52.826,98.62,2.0
2019-11-25 06:06:01.169,,13.0
2019-11-25 06:06:01.169,,17.0
2019-11-25 06:16:39.278,,26.0
2019-11-25 06:21:15.010,,77.0
2019-11-25 06:24:50.234,98.61,29.0
2019-11-25 07:02:07.036,98.615,1.0
2019-11-25 07:02:08.346,98.615,4.0
2019-11-25 07:02:08.376,98.615,12.0
2019-11-25 07:02:08.386,98.615,10.0
2019-11-25 07:02:08.386,,5.0
2019-11-25 07:14:57.748,98.615,7.0
2019-11-25 07:15:17.187,98.615,8.0
2019-11-25 07:16:00.802,98.615,2.0
2019-11-25 07:21:05.964,98.615,2.0
2019-11-25 07:21:25.632,98.615,2.0
2019-11-25 07:21:52.952,98.615,5.0
2019-11-25 07:25:02.113,98.615,2.0
2019-11-25 07:26:23.844,98.615,1.0
2019-11-25 07:26:35.655,98.615,1.0
2019-11-25 07:28:21.325,98.615,2.0
2019-11-25 07:49:45.080,98.615,2.0
2019-11-25 07:58:46.216,98.615,66.0
2019-11-25 07:58:46.246,98.615,134.0
2019-11-25 07:58:46.246,98.615,100.0
2019-11-25 07:58:46.256,,3.0
2019-11-25 07:59:36.551,98.615,2.0
2019-11-25 08:00:08.333,,1.0
2019-11-25 08:00:08.602,,1.0
2019-11-25 08:01:03.912,98.615,5.0
2019-11-25 08:01:03.984,,1.0
2019-11-25 08:01:03.984,98.615,6.0
2019-11-25 08:03:03.636,98.615,2.0
2019-11-25 08:05:26.240,98.615,5.0
2019-11-25 08:07:00.213,98.615,2.0
2019-11-25 08:23:21.347,98.615,80.0
2019-11-25 08:23:37.558,98.615,12.0
2019-11-25 08:23:38.168,98.615,3.0
2019-11-25 08:23:38.186,98.615,38.0
2019-11-25 08:23:38.196,98.615,5.0
2019-11-25 08:23:38.208,98.615,129.0
2019-11-25 08:23:38.208,98.615,48.0
2019-11-25 08:25:56.856,98.615,41.0
2019-11-25 08:49:04.036,98.61,40.0
2019-11-25 08:49:19.237,98.61,1.0
2019-11-25 08:49:19.237,98.61,2.0
2019-11-25 08:49:29.255,,80.0
2019-11-25 09:01:07.252,98.615,3.0
2019-11-25 09:01:18.833,,2.0
2019-11-25 09:07:49.265,98.615,1.0
2019-11-25 09:08:27.261,,1.0
2019-11-25 09:08:41.899,98.615,3.0
2019-11-25 09:10:12.204,98.615,1.0
2019-11-25 09:14:40.642,,1.0
2019-11-25 09:16:31.192,,1.0
2019-11-25 09:16:57.859,,3.0
2019-11-25 09:19:38.638,,2.0
2019-11-25 09:21:42.116,98.61,1.0
2019-11-25 09:22:09.678,98.61,1.0
2019-11-25 09:32:03.395,,10.0
2019-11-25 09:32:04.534,,10.0
2019-11-25 09:32:09.694,,10.0
2019-11-25 09:32:11.344,,10.0
2019-11-25 09:32:15.914,,10.0
2019-11-25 09:32:21.054,,10.0
2019-11-25 09:32:24.233,,6.0
2019-11-25 09:34:43.283,98.61,2.0
2019-11-25 09:51:22.604,98.61,3.0
2019-11-25 09:51:22.615,98.61,6.0
2019-11-25 10:03:54.132,,12.0
2019-11-25 10:03:55.252,,12.0
2019-11-25 10:41:50.731,98.61,94.0
2019-11-25 10:41:50.733,98.61,128.0
2019-11-25 10:41:51.611,98.61,13.0
2019-11-25 10:51:13.684,98.61,5.0
2019-11-25 10:59:50.787,98.61,2.0
2019-11-25 11:04:40.917,98.61,3.0
2019-11-25 12:00:20.244,,1.0
2019-11-25 12:00:20.244,,124.0
2019-11-25 12:02:31.073,,181.0
2019-11-25 12:02:31.083,,35.0
2019-11-25 12:02:31.083,98.605,2.0
2019-11-25 12:02:31.093,98.605,2.0
2019-11-25 12:02:31.095,98.605,2.0
2019-11-25 12:02:31.095,98.605,2.0
2019-11-25 12:02:55.170,98.605,3.0
2019-11-25 12:02:55.182,98.605,10.0
2019-11-25 12:03:00.143,98.605,9.0
2019-11-25 12:03:00.153,,96.0
2019-11-25 12:03:00.153,98.605,5.0
2019-11-25 12:03:00.163,98.605,2.0
2019-11-25 12:04:51.223,,1.0
2019-11-25 12:06:22.696,,1.0
2019-11-25 12:06:28.558,,1.0
2019-11-25 12:09:03.310,98.605,1.0
2019-11-25 12:09:06.161,,12.0
2019-11-25 12:09:06.171,,113.0
2019-11-25 12:21:00.342,98.605,20.0
2019-11-25 12:21:01.152,,15.0
2019-11-25 12:21:27.120,98.605,5.0
2019-11-25 12:24:28.125,,6.0
2019-11-25 12:33:30.351,98.605,17.0
2019-11-25 12:33:30.361,98.605,7.0
2019-11-25 12:33:30.409,98.605,56.0
2019-11-25 12:33:30.439,98.605,50.0
2019-11-25 12:37:02.716,98.605,5.0
2019-11-25 12:41:48.609,98.605,5.0
2019-11-25 12:41:48.617,98.605,5.0
2019-11-25 12:41:48.629,98.605,10.0
2019-11-25 12:42:22.647,98.605,2.0
2019-11-25 12:45:03.381,98.605,5.0
2019-11-25 12:51:42.545,98.605,8.0
2019-11-25 12:51:42.545,,4.0
2019-11-25 12:51:42.555,98.605,5.0
2019-11-25 13:00:10.832,98.605,52.0
2019-11-25 13:01:23.586,98.605,5.0
2019-11-25 13:01:23.598,98.605,43.0
2019-11-25 13:01:34.238,98.605,3.0
2019-11-25 13:02:55.074,98.605,44.0
2019-11-25 13:05:33.911,98.605,29.0
2019-11-25 13:05:33.911,98.605,96.0
2019-11-25 13:05:33.931,98.605,6.0
2019-11-25 13:05:46.710,98.605,2.0
2019-11-25 13:08:09.375,98.605,1.0
2019-11-25 13:09:16.853,98.605,1.0
2019-11-25 13:09:50.302,98.605,2.0
2019-11-25 13:09:52.527,98.6,2.0
2019-11-25 13:09:52.677,,1.0
2019-11-25 13:11:54.102,98.6,10.0
2019-11-25 13:11:54.332,98.6,1.0
2019-11-25 13:11:54.520,98.6,1.0
2019-11-25 13:11:54.520,98.6,1.0
2019-11-25 13:11:55.182,98.6,2.0
2019-11-25 13:11:56.641,98.6,10.0
2019-11-25 13:14:27.265,,4.0
2019-11-25 13:15:15.545,98.6,26.0
2019-11-25 13:15:15.567,98.6,24.0
2019-11-25 13:15:15.575,98.6,39.0
2019-11-25 13:15:15.577,98.6,6.0
2019-11-25 13:15:15.577,98.6,103.0
2019-11-25 13:15:19.117,98.6,2.0
2019-11-25 13:15:19.127,98.6,83.0
2019-11-25 13:16:37.525,98.6,1.0
2019-11-25 13:16:45.388,98.6,9.0
2019-11-25 13:18:36.137,,1.0
2019-11-25 13:20:01.373,98.6,6.0
2019-11-25 13:20:01.383,98.6,7.0
2019-11-25 13:24:47.721,98.6,16.0
2019-11-25 13:24:47.769,,9.0
2019-11-25 13:24:57.418,98.6,5.0
2019-11-25 13:24:59.120,,5.0
2019-11-25 13:25:10.961,,6.0
2019-11-25 13:25:22.759,,5.0
2019-11-25 13:31:08.659,98.605,1.0
2019-11-25 13:31:08.689,,44.0
2019-11-25 13:31:08.717,,34.0
2019-11-25 13:31:39.828,98.605,1.0
2019-11-25 13:33:32.157,,46.0
2019-11-25 13:33:32.167,,41.0
2019-11-25 13:34:32.721,98.605,1.0
2019-11-25 13:34:32.733,,1.0
2019-11-25 13:34:32.935,98.605,1.0
2019-11-25 13:34:32.941,98.605,3.0
2019-11-25 13:34:32.941,98.605,1.0
2019-11-25 13:34:32.941,,1.0
2019-11-25 13:34:32.943,,1.0
2019-11-25 13:34:32.943,,1.0
2019-11-25 13:34:32.945,,1.0
2019-11-25 13:34:32.955,,33.0
2019-11-25 13:35:09.509,98.605,12.0
2019-11-25 13:35:09.509,98.605,24.0
2019-11-25 13:35:09.511,98.605,2.0
2019-11-25 13:35:09.519,98.605,1.0
2019-11-25 13:35:09.531,,219.0
2019-11-25 13:35:09.531,98.605,6.0
2019-11-25 13:35:16.959,98.605,10.0
2019-11-25 13:35:16.969,98.605,6.0
2019-11-25 13:36:47.265,,10.0
2019-11-25 13:37:49.984,98.605,1.0
2019-11-25 13:37:50.122,98.605,2.0
2019-11-25 13:42:24.525,98.6,27.0
2019-11-25 13:43:30.147,98.6,30.0
2019-11-25 13:43:30.168,98.6,10.0
2019-11-25 13:43:30.188,98.6,1.0
2019-11-25 13:43:30.198,98.6,10.0
2019-11-25 13:43:30.258,98.6,3.0
2019-11-25 13:43:30.258,98.6,6.0
2019-11-25 13:44:06.085,98.6,11.0
2019-11-25 13:44:06.095,98.6,4.0
2019-11-25 13:44:06.135,98.6,8.0
2019-11-25 13:44:06.145,98.6,8.0
2019-11-25 13:44:09.814,98.6,2.0
2019-11-25 13:46:17.747,98.6,9.0
2019-11-25 13:48:05.176,98.6,9.0
2019-11-25 13:51:24.783,98.6,5.0
2019-11-25 13:51:50.132,98.6,2.0
2019-11-25 13:52:22.839,98.6,155.0
2019-11-25 13:52:22.909,98.6,3.0
2019-11-25 13:56:03.461,,30.0
2019-11-25 13:56:12.490,,2.0
2019-11-25 14:01:00.824,,2.0
2019-11-25 14:01:00.834,,48.0
2019-11-25 14:01:00.834,,2.0
2019-11-25 14:01:01.564,,2.0
2019-11-25 14:01:01.572,,2.0
2019-11-25 14:05:11.636,,2.0
2019-11-25 14:05:11.646,,4.0
2019-11-25 14:10:03.326,98.6,1.0
2019-11-25 14:10:54.190,98.6,1.0
2019-11-25 14:10:54.338,98.6,1.0
2019-11-25 14:11:45.698,98.6,10.0
2019-11-25 14:11:45.718,98.6,27.0
2019-11-25 14:11:45.737,98.6,9.0
2019-11-25 14:11:45.737,98.6,1.0
2019-11-25 14:11:45.757,98.6,50.0
2019-11-25 14:11:45.887,98.6,2.0
2019-11-25 14:13:43.017,98.6,43.0
2019-11-25 14:14:23.728,98.6,22.0
2019-11-25 14:14:23.738,98.6,5.0
2019-11-25 14:14:23.738,98.6,1.0
2019-11-25 14:14:27.947,98.6,5.0
2019-11-25 14:14:27.955,98.6,10.0
2019-11-25 14:14:27.957,98.6,1.0
2019-11-25 14:14:27.967,98.6,7.0
2019-11-25 14:14:38.697,98.6,1.0
2019-11-25 14:16:01.026,,15.0
2019-11-25 14:16:01.044,,62.0
2019-11-25 14:16:16.896,98.6,33.0
2019-11-25 14:16:16.904,98.6,22.0
2019-11-25 14:16:16.906,98.6,8.0
2019-11-25 14:16:16.906,,30.0
2019-11-25 14:16:23.126,98.6,1.0
2019-11-25 14:16:23.137,98.6,1.0
2019-11-25 14:16:28.427,98.6,10.0
2019-11-25 14:16:28.435,98.6,22.0
2019-11-25 14:16:28.435,98.6,7.0
2019-11-25 14:16:28.435,98.6,7.0
2019-11-25 14:16:53.586,98.6,5.0
2019-11-25 14:17:34.028,,5.0
2019-11-25 14:17:34.038,,3.0
2019-11-25 14:17:34.048,,22.0
2019-11-25 14:17:34.048,,19.0
2019-11-25 14:17:34.068,,6.0
2019-11-25 14:17:34.078,,8.0
2019-11-25 14:17:34.088,,1.0
2019-11-25 14:17:34.128,,1.0
2019-11-25 14:17:34.156,,1.0
2019-11-25 14:17:34.228,,11.0
2019-11-25 14:17:35.156,,1.0
2019-11-25 14:17:38.987,,2.0
2019-11-25 14:17:38.997,,20.0
2019-11-25 14:17:39.667,,1.0
2019-11-25 14:17:39.667,,6.0
2019-11-25 14:17:39.667,,8.0
2019-11-25 14:17:39.677,,3.0
2019-11-25 14:17:39.677,,2.0
2019-11-25 14:17:53.008,,11.0
2019-11-25 14:17:53.008,,21.0
2019-11-25 14:17:53.018,,7.0
2019-11-25 14:17:53.018,,7.0
2019-11-25 14:18:01.018,,50.0
2019-11-25 14:18:01.026,,27.0
2019-11-25 14:18:01.028,,27.0
2019-11-25 14:19:24.870,,1.0
2019-11-25 14:21:55.354,,25.0
2019-11-25 14:21:55.374,,33.0
2019-11-25 14:22:00.813,,5.0
2019-11-25 14:29:01.404,98.605,30.0
2019-11-25 14:29:13.913,98.605,27.0
2019-11-25 14:29:13.915,98.605,1.0
2019-11-25 14:30:23.258,,10.0
2019-11-25 14:30:34.930,,10.0
2019-11-25 14:34:48.496,,15.0
2019-11-25 14:39:48.659,98.6,55.0
2019-11-25 14:40:01.749,98.6,1.0
2019-11-25 14:40:01.749,98.6,1.0
2019-11-25 14:40:01.759,98.6,2.0
2019-11-25 14:44:42.028,98.6,10.0
2019-11-25 14:45:45.135,98.6,20.0
2019-11-25 14:45:57.198,98.6,1.0
2019-11-25 14:46:13.764,98.6,10.0
2019-11-25 14:49:07.231,98.605,9.0
2019-11-25 14:49:07.231,98.605,37.0
2019-11-25 14:49:07.279,98.605,1.0
2019-11-25 14:49:07.297,98.605,1.0
2019-11-25 14:49:07.299,98.605,1.0
2019-11-25 14:49:14.790,98.605,223.0
2019-11-25 14:49:14.798,98.605,48.0
2019-11-25 14:50:17.571,,10.0
2019-11-25 14:50:17.581,,60.0
2019-11-25 14:50:17.581,,20.0
2019-11-25 14:50:17.581,,15.0
2019-11-25 14:50:34.084,98.605,65.0
2019-11-25 14:50:36.385,98.605,1.0
2019-11-25 14:50:49.711,98.605,2.0
2019-11-25 14:54:01.855,,6.0
2019-11-25 14:54:01.863,,119.0
2019-11-25 15:01:47.047,,25.0
2019-11-25 15:05:20.504,98.605,2.0
2019-11-25 15:05:20.504,98.605,1.0
2019-11-25 15:05:20.515,98.605,10.0
2019-11-25 15:05:20.528,,54.0
2019-11-25 15:05:20.535,,22.0
2019-11-25 15:05:20.544,,25.0
2019-11-25 15:05:20.544,,10.0
2019-11-25 15:05:20.544,,10.0
2019-11-25 15:05:30.205,98.605,5.0
2019-11-25 15:05:38.397,98.605,10.0
2019-11-25 15:05:38.415,98.605,10.0
2019-11-25 15:05:51.250,98.605,3.0
2019-11-25 15:05:51.710,98.605,42.0
2019-11-25 15:05:51.710,98.605,14.0
2019-11-25 15:05:51.720,98.605,153.0
2019-11-25 15:05:51.730,98.605,2.0
2019-11-25 15:05:52.100,98.605,1.0
2019-11-25 15:05:52.270,98.605,1.0
2019-11-25 15:05:52.898,98.605,1.0
2019-11-25 15:05:52.898,98.605,1.0
2019-11-25 15:05:52.930,98.605,1.0
2019-11-25 15:09:46.550,98.605,19.0
2019-11-25 15:11:04.926,98.605,2.0
2019-11-25 15:12:04.749,,1.0
2019-11-25 15:12:04.749,,54.0
2019-11-25 15:12:04.749,,45.0
2019-11-25 15:12:04.749,,19.0
2019-11-25 15:12:04.751,,4.0
2019-11-25 15:12:06.341,,1.0
2019-11-25 15:12:06.341,,1.0
2019-11-25 15:12:13.171,,1.0
2019-11-25 15:12:13.191,,1.0
2019-11-25 15:12:13.201,,1.0
2019-11-25 15:16:24.477,98.605,1.0
2019-11-25 15:17:03.897,98.605,5.0
2019-11-25 15:18:16.041,,1.0
2019-11-25 15:18:32.051,,1.0
2019-11-25 15:18:41.864,,26.0
2019-11-25 15:18:41.864,,10.0
2019-11-25 15:18:41.874,,52.0
2019-11-25 15:18:41.874,,88.0
2019-11-25 15:19:18.547,,30.0
2019-11-25 15:19:55.803,,9.0
2019-11-25 15:23:40.012,,1.0
2019-11-25 15:24:16.366,98.605,24.0
2019-11-25 15:26:28.065,,1.0
2019-11-25 15:26:28.095,,1.0
2019-11-25 15:27:04.617,98.605,2.0
2019-11-25 15:28:38.246,,1.0
2019-11-25 15:28:49.306,,2.0
2019-11-25 15:35:26.609,98.605,10.0
2019-11-25 15:36:37.637,98.605,2.0
2019-11-25 15:36:46.729,98.605,19.0
2019-11-25 15:47:07.711,98.6,21.0
2019-11-25 15:47:57.292,98.6,10.0
2019-11-25 15:47:59.930,98.6,4.0
2019-11-25 15:48:31.901,98.6,300.0
2019-11-25 15:48:31.911,98.6,2.0
2019-11-25 15:48:31.919,,1.0
2019-11-25 15:48:31.919,,2.0
2019-11-25 15:48:31.939,98.6,25.0
2019-11-25 15:48:31.939,98.6,19.0
2019-11-25 15:48:31.939,,1.0
2019-11-25 15:48:31.949,98.6,10.0
2019-11-25 15:48:32.001,,2.0
2019-11-25 15:48:32.001,,2.0
2019-11-25 15:49:23.268,,1.0
2019-11-25 15:49:23.390,,1.0
2019-11-25 15:52:15.535,98.6,7.0
2019-11-25 15:52:26.241,98.6,3.0
2019-11-25 15:52:43.532,98.6,91.0
2019-11-25 15:52:43.542,98.6,209.0
2019-11-25 15:53:18.180,,1.0
2019-11-25 15:53:18.200,,1.0
2019-11-25 15:53:18.210,,1.0
2019-11-25 15:53:18.300,,2.0
2019-11-25 15:53:20.318,,1.0
2019-11-25 15:53:21.510,,1.0
2019-11-25 15:53:21.923,,1.0
2019-11-25 15:53:21.953,,1.0
2019-11-25 15:53:22.319,,1.0
2019-11-25 15:54:57.405,,5.0
2019-11-25 16:00:39.817,98.6,50.0
2019-11-25 16:01:53.652,98.6,25.0
2019-11-25 16:06:06.485,,6.0
2019-11-25 16:07:28.399,,3.0
2019-11-25 16:09:18.328,,3.0
2019-11-25 16:09:19.058,,3.0
2019-11-25 16:12:05.632,,3.0
2019-11-25 16:12:31.309,,2.0
2019-11-25 16:12:33.059,98.605,10.0
2019-11-25 16:12:33.119,98.605,9.0
2019-11-25 16:16:13.224,98.605,5.0
2019-11-25 16:16:13.224,98.605,11.0
2019-11-25 16:16:16.503,98.605,6.0
2019-11-25 16:16:22.514,,5.0
2019-11-25 16:16:22.524,,4.0
2019-11-25 16:20:32.035,98.605,3.0
2019-11-25 16:20:32.035,98.605,2.0
2019-11-25 16:20:32.035,98.605,2.0
2019-11-25 16:20:32.035,98.605,2.0
2019-11-25 16:20:32.035,98.605,1.0
2019-11-25 16:20:32.035,98.605,1.0
2019-11-25 16:20:32.035,98.605,1.0
2019-11-25 16:20:32.035,98.605,1.0
2019-11-25 16:20:32.035,98.605,1.0
2019-11-25 16:20:32.035,98.605,1.0
2019-11-25 16:20:32.035,98.605,1.0
2019-11-25 16:20:32.035,98.605,1.0
2019-11-25 16:20:32.037,98.605,1.0
2019-11-25 16:20:32.037,98.605,1.0
2019-11-25 16:20:32.037,98.605,14.0
2019-11-25 16:20:32.047,98.605,14.0
2019-11-25 16:20:32.055,98.605,10.0
2019-11-25 16:20:45.067,98.605,49.0
2019-11-25 16:20:54.826,98.605,3.0
2019-11-25 16:21:21.987,98.605,1.0
2019-11-25 16:31:03.763,98.605,3.0
2019-11-25 16:31:03.763,98.605,1.0
2019-11-25 16:31:06.864,98.605,2.0
2019-11-25 16:44:40.504,,3.0
2019-11-25 16:44:40.514,,1.0
2019-11-25 16:44:40.514,,1.0
2019-11-25 16:44:40.635,,1.0
2019-11-25 16:51:06.224,,10.0
2019-11-25 16:51:06.224,,10.0
2019-11-25 16:51:18.074,,1.0
2019-11-25 16:51:18.074,,118.0
2019-11-25 16:51:18.074,,6.0
2019-11-25 16:51:18.074,,10.0
2019-11-25 16:51:18.074,,17.0
2019-11-25 16:51:18.074,,1.0
2019-11-25 16:51:28.305,98.6,241.0
2019-11-25 16:51:28.625,98.6,6.0
2019-11-25 16:51:28.625,98.6,94.0
2019-11-25 16:51:28.633,,1.0
2019-11-25 16:51:38.744,98.6,50.0
2019-11-25 16:51:39.112,98.6,50.0
2019-11-25 16:52:07.132,,3.0
2019-11-25 16:52:07.134,,1.0
2019-11-25 16:53:07.223,98.6,4.0
2019-11-25 16:53:07.233,98.6,56.0
2019-11-25 16:53:07.444,98.6,31.0
2019-11-25 16:53:07.444,98.6,19.0
2019-11-25 16:53:07.714,98.6,9.0
2019-11-25 16:53:23.283,,1.0
2019-11-25 16:53:25.054,,1.0
2019-11-25 16:54:13.684,,1.0
2019-11-25 16:54:16.204,,1.0
2019-11-25 16:54:16.246,,1.0
2019-11-25 16:54:33.791,,2.0
2019-11-25 16:54:33.791,,5.0
2019-11-25 16:55:15.192,,2.0
2019-11-25 16:55:15.192,,2.0
2019-11-25 17:03:21.960,,3.0
2019-11-25 17:04:54.696,,1.0
2019-11-25 17:05:11.844,,18.0
2019-11-25 17:07:32.110,,3.0
2019-11-25 17:15:50.532,98.6,5.0
2019-11-25 17:15:55.891,98.6,20.0
2019-11-25 17:20:14.254,,3.0
2019-11-25 17:30:42.875,,12.0
2019-11-25 17:30:57.245,98.6,13.0
2019-11-25 17:33:04.217,98.6,1.0
2019-11-25 18:01:14.837,98.6,1.0
2019-11-25 18:01:46.578,98.6,3.0
2019-11-25 18:11:13.353,98.6,1.0
2019-11-25 18:22:38.624,98.6,1.0
2019-11-25 18:24:50.934,98.6,4.0
2019-11-25 18:24:50.934,98.6,2.0
2019-11-25 18:24:50.943,98.6,1.0
2019-11-25 18:24:50.943,98.6,3.0
2019-11-25 18:24:50.943,98.6,2.0
2019-11-25 18:24:50.965,98.6,5.0
2019-11-25 18:24:50.974,98.6,10.0
2019-11-25 18:30:12.639,98.6,10.0
2019-11-25 18:30:12.649,98.6,2.0
2019-11-25 18:30:12.659,98.6,11.0
2019-11-25 18:30:12.661,98.6,15.0
2019-11-25 18:30:12.899,98.6,81.0
2019-11-25 18:30:16.531,98.6,1.0
2019-11-25 18:30:16.539,98.6,2.0
2019-11-25 18:30:16.539,98.6,7.0
2019-11-25 18:30:16.671,98.6,91.0
2019-11-25 18:30:30.132,98.6,10.0
2019-11-25 18:30:30.242,98.6,20.0
2019-11-25 18:30:30.540,98.6,7.0
2019-11-25 18:30:30.540,98.6,3.0
2019-11-25 18:30:31.721,98.6,1.0
2019-11-25 18:30:31.731,98.6,9.0
2019-11-25 18:30:32.081,98.6,10.0
2019-11-25 18:30:32.241,98.6,1.0
2019-11-25 18:30:32.241,98.6,9.0
2019-11-25 18:30:32.491,98.6,2.0
2019-11-25 18:30:32.491,98.6,8.0
2019-11-25 18:30:32.743,98.6,10.0
2019-11-25 18:30:33.003,98.6,10.0
2019-11-25 18:30:33.251,98.6,10.0
2019-11-25 18:30:33.503,98.6,10.0
2019-11-25 18:30:33.763,98.6,10.0
2019-11-25 18:30:34.010,98.6,10.0
2019-11-25 18:30:34.281,98.6,10.0
2019-11-25 18:30:34.530,98.6,10.0
2019-11-25 18:30:34.790,98.6,10.0
2019-11-25 18:30:35.032,98.6,10.0
2019-11-25 18:30:35.302,98.6,10.0
2019-11-25 18:31:07.353,98.6,10.0
2019-11-25 18:31:46.783,98.6,10.0
2019-11-25 18:31:47.003,98.6,269.0
2019-11-25 18:31:47.013,98.6,10.0
2019-11-25 18:33:25.339,98.6,5.0
2019-11-25 18:33:25.359,98.6,10.0
2019-11-25 18:34:16.663,98.6,21.0
2019-11-25 18:34:16.675,98.6,7.0
2019-11-25 18:34:16.685,98.6,1.0
2019-11-25 18:34:16.685,98.6,1.0
2019-11-25 18:34:16.695,98.6,1.0
2019-11-25 18:34:25.764,98.6,10.0
2019-11-25 18:34:30.444,98.6,9.0
2019-11-25 18:34:30.444,,2.0
2019-11-25 18:34:42.210,98.6,10.0
2019-11-25 18:35:00.510,98.6,10.0
2019-11-25 18:35:28.491,98.6,10.0
2019-11-25 18:35:28.551,98.6,10.0
2019-11-25 18:35:56.088,98.6,10.0
2019-11-25 18:36:01.216,98.6,10.0
2019-11-25 18:36:01.556,98.6,10.0
2019-11-25 18:36:02.498,98.6,10.0
2019-11-25 18:36:02.848,98.6,10.0
2019-11-25 18:36:03.196,98.6,10.0
2019-11-25 18:36:03.458,98.6,10.0
2019-11-25 18:36:03.758,98.6,10.0
2019-11-25 18:36:04.068,98.6,10.0
2019-11-25 18:36:05.088,98.6,10.0
2019-11-25 18:36:08.938,98.6,10.0
2019-11-25 18:36:09.028,98.6,10.0
2019-11-25 18:36:11.617,98.6,10.0
2019-11-25 18:36:12.517,98.6,10.0
2019-11-25 18:36:12.915,98.6,10.0
2019-11-25 18:36:15.018,98.6,10.0
2019-11-25 18:36:15.258,98.6,10.0
2019-11-25 18:36:15.526,98.6,10.0
2019-11-25 18:36:15.786,98.6,10.0
2019-11-25 18:36:23.307,98.6,10.0
2019-11-25 18:36:27.887,98.6,10.0
2019-11-25 18:36:28.615,98.6,10.0
2019-11-25 18:36:41.333,98.6,10.0
2019-11-25 18:36:43.275,98.6,10.0
2019-11-25 18:36:43.595,98.6,10.0
2019-11-25 18:36:43.725,98.6,10.0
2019-11-25 18:36:52.846,98.6,1.0
2019-11-25 18:36:52.856,98.6,9.0
2019-11-25 18:37:02.115,98.6,20.0
2019-11-25 18:37:02.515,98.6,10.0
2019-11-25 18:37:02.915,98.6,10.0
2019-11-25 18:37:03.223,98.6,10.0
2019-11-25 18:37:03.525,98.6,10.0
2019-11-25 18:37:03.825,98.6,10.0
2019-11-25 18:37:04.115,98.6,10.0
2019-11-25 18:37:09.016,98.6,10.0
2019-11-25 18:37:12.174,98.6,10.0
2019-11-25 18:37:12.615,98.6,10.0
2019-11-25 18:37:12.925,98.6,10.0
2019-11-25 18:37:15.285,98.6,10.0
2019-11-25 18:37:15.523,98.6,10.0
2019-11-25 18:37:15.805,98.6,10.0
2019-11-25 18:37:28.713,98.6,10.0
2019-11-25 18:37:35.304,98.6,10.0
2019-11-25 18:37:35.454,98.6,1.0
2019-11-25 18:37:35.714,98.6,1.0
2019-11-25 18:37:35.714,98.6,1.0
2019-11-25 18:37:38.304,98.6,7.0
2019-11-25 18:37:39.154,98.6,10.0
2019-11-25 18:37:51.723,98.6,1.0
2019-11-25 18:37:52.483,98.6,6.0
2019-11-25 18:37:58.353,98.6,4.0
2019-11-25 18:38:02.215,98.6,6.0
2019-11-25 18:38:02.525,98.6,10.0
2019-11-25 18:38:03.015,98.6,10.0
2019-11-25 18:38:03.225,98.6,10.0
2019-11-25 18:38:03.615,98.6,10.0
2019-11-25 18:38:03.823,98.6,10.0
2019-11-25 18:38:04.115,98.6,10.0
2019-11-25 18:38:09.014,98.6,10.0
2019-11-25 18:38:09.212,98.6,1.0
2019-11-25 18:38:12.321,98.6,9.0
2019-11-25 18:38:12.713,98.6,10.0
2019-11-25 18:38:13.021,98.6,10.0
2019-11-25 18:38:15.313,98.6,10.0
2019-11-25 18:38:15.551,98.6,10.0
2019-11-25 18:38:15.813,98.6,10.0
2019-11-25 18:38:28.823,98.6,10.0
2019-11-25 18:39:45.998,98.6,10.0
2019-11-25 18:39:46.127,98.6,10.0
2019-11-25 18:39:46.378,98.6,1.0
2019-11-25 18:39:46.387,98.6,9.0
2019-11-25 18:39:46.638,98.6,10.0
2019-11-25 18:39:49.018,98.6,10.0
2019-11-25 18:39:50.218,98.6,10.0
2019-11-25 18:39:50.438,98.6,10.0
2019-11-25 18:39:50.726,98.6,10.0
2019-11-25 18:40:07.416,98.6,10.0
2019-11-25 18:40:07.595,98.6,10.0
2019-11-25 18:40:08.945,98.6,10.0
2019-11-25 18:40:09.137,98.6,10.0
2019-11-25 18:40:09.385,98.6,10.0
2019-11-25 18:40:09.637,98.6,10.0
2019-11-25 18:40:09.897,98.6,10.0
2019-11-25 18:40:10.725,98.6,10.0
2019-11-25 18:40:11.514,98.6,10.0
2019-11-25 18:40:11.904,98.6,10.0
2019-11-25 18:40:50.943,98.6,10.0
2019-11-25 18:41:06.201,98.6,10.0
2019-11-25 18:41:23.300,98.6,1.0
2019-11-25 18:41:23.310,98.6,9.0
2019-11-25 18:41:27.451,98.6,1.0
2019-11-25 18:43:26.264,98.6,1.0
2019-11-25 18:48:35.522,98.6,7.0
2019-11-25 18:52:10.947,98.6,1.0
2019-11-25 18:52:13.405,98.6,1.0
2019-11-25 18:52:54.942,98.6,11.0
2019-11-25 18:52:54.953,98.6,3.0
2019-11-25 18:52:54.972,98.6,1.0
2019-11-25 18:52:54.974,98.6,2.0
2019-11-25 18:57:57.161,98.6,17.0
2019-11-25 18:57:57.273,98.6,10.0
2019-11-25 18:59:27.865,98.6,10.0
2019-11-25 18:59:27.874,98.6,6.0
2019-11-25 19:07:51.917,98.6,8.0
2019-11-25 19:07:52.239,98.6,1.0
2019-11-25 19:09:11.866,98.6,1.0
2019-11-25 19:10:05.784,98.6,6.0
2019-11-25 19:10:16.792,98.6,10.0
2019-11-25 19:10:17.014,98.6,1.0
2019-11-25 19:10:17.014,98.6,9.0
2019-11-25 19:10:17.264,98.6,10.0
2019-11-25 19:10:17.522,98.6,10.0
2019-11-25 19:10:17.822,98.6,10.0
2019-11-25 19:10:18.034,98.6,10.0
2019-11-25 19:10:18.402,98.6,10.0
2019-11-25 19:10:18.654,98.6,10.0
2019-11-25 19:10:21.424,98.6,10.0
2019-11-25 19:10:21.572,98.6,60.0
2019-11-25 19:10:21.574,98.6,7.0
2019-11-25 19:10:21.574,98.6,3.0
2019-11-25 19:10:21.594,98.6,2.0
2019-11-25 19:10:21.594,98.6,3.0
2019-11-25 19:10:21.842,98.6,12.0
2019-11-25 19:10:21.842,98.6,5.0
2019-11-25 19:10:21.842,98.6,5.0
2019-11-25 19:10:22.072,98.6,1.0
2019-11-25 19:10:22.074,98.6,9.0
2019-11-25 19:10:22.332,98.6,40.0
2019-11-25 19:10:22.332,98.6,4.0
2019-11-25 19:10:22.332,98.6,44.0
2019-11-25 19:10:26.332,98.6,2.0
2019-11-25 19:10:26.814,98.6,8.0
2019-11-25 19:10:26.893,98.6,10.0
2019-11-25 19:10:27.142,98.6,10.0
2019-11-25 19:10:27.403,98.6,10.0
2019-11-25 19:10:27.655,98.6,10.0
2019-11-25 19:10:27.915,98.6,10.0
2019-11-25 19:10:43.713,98.6,10.0
2019-11-25 19:10:44.963,98.6,2.0
2019-11-25 19:10:44.974,98.6,8.0
2019-11-25 19:11:31.610,98.6,1.0
2019-11-25 19:11:31.632,98.6,2.0
2019-11-25 19:11:31.642,98.6,2.0
2019-11-25 19:11:36.383,98.6,5.0
2019-11-25 19:12:54.891,98.6,1.0
2019-11-25 19:12:57.252,98.6,9.0
2019-11-25 19:13:01.892,98.6,10.0
2019-11-25 19:13:07.341,98.6,10.0
2019-11-25 19:13:07.811,98.6,6.0
2019-11-25 19:13:10.361,98.6,4.0
2019-11-25 19:13:10.501,98.6,1.0
2019-11-25 19:21:53.366,98.6,10.0
2019-11-25 19:29:21.759,98.6,10.0
2019-11-25 20:13:21.081,,6.0
2019-11-25 20:18:09.106,98.6,2.0
2019-11-25 20:24:02.247,98.6,10.0
2019-11-25 20:47:37.215,98.6,4.0
2019-11-25 20:50:23.067,98.6,18.0
2019-11-25 20:50:23.329,98.6,3.0
2019-11-25 20:50:48.889,98.6,10.0
2019-11-25 20:57:18.077,98.6,5.0
2019-11-25 21:02:27.451,98.6,4.0
2019-11-25 21:32:53.389,98.605,7.0
2019-11-25 21:32:53.407,98.605,18.0
2019-11-25 21:32:54.089,98.605,9.0
2019-11-25 21:33:28.228,,1.0
2019-11-25 21:33:28.298,,1.0
2019-11-25 21:33:28.338,,1.0
2019-11-25 21:33:31.977,,1.0
2019-11-25 21:33:32.366,,1.0
2019-11-25 21:33:32.688,,2.0
2019-11-25 21:33:34.286,,1.0
2019-11-25 21:33:34.977,,1.0
2019-11-25 21:33:35.936,,1.0
2019-11-25 21:33:51.517,98.605,1.0
2019-11-25 21:38:13.681,98.605,17.0
2019-11-25 21:43:41.305,98.605,34.0
2019-11-25 21:45:18.964,98.605,1.0
2019-11-25 21:46:31.812,98.605,5.0
2019-11-25 21:49:01.067,,4.0
2019-11-25 21:49:23.696,,4.0
2019-11-25 21:49:50.773,98.605,32.0
2019-11-25 21:52:07.152,,8.0
2019-11-25 23:21:37.347,98.6,3.0
2019-11-25 23:29:11.101,98.6,2.0
2019-11-25 23:29:11.121,98.6,10.0
2019-11-26 00:01:00.094,98.6,2.0
2019-11-26 00:02:50.616,98.6,2.0
2019-11-26 01:42:35.148,98.6,10.0
2019-11-26 01:46:42.112,98.59,200.0
2019-11-26 01:46:42.122,,2.0
2019-11-26 01:52:34.404,98.59,115.0
2019-11-26 01:52:34.454,98.59,85.0
2019-11-26 02:01:03.811,98.595,3.0
2019-11-26 02:01:03.811,98.595,1.0
2019-11-26 02:01:03.821,98.595,3.0
2019-11-26 02:01:03.821,98.595,4.0
2019-11-26 02:01:03.821,98.595,3.0
2019-11-26 02:01:03.841,98.595,3.0
2019-11-26 04:55:34.380,98.6,2.0
2019-11-26 06:30:24.194,98.6,5.0
2019-11-26 06:30:24.204,98.6,1.0
2019-11-26 06:52:42.101,98.6,2.0
2019-11-26 07:13:26.009,98.6,2.0
2019-11-26 07:13:26.018,98.6,2.0
2019-11-26 07:13:26.027,98.6,2.0
2019-11-26 07:13:26.027,98.6,6.0
2019-11-26 07:13:26.027,98.6,4.0
2019-11-26 07:13:26.027,98.6,1.0
2019-11-26 07:13:26.027,98.6,6.0
2019-11-26 07:13:26.027,98.6,5.0
2019-11-26 07:13:26.029,98.6,4.0
2019-11-26 07:13:26.037,98.6,8.0
2019-11-26 07:13:26.039,98.6,1.0
2019-11-26 07:13:26.047,98.6,5.0
2019-11-26 07:13:26.048,98.6,3.0
2019-11-26 07:13:26.048,98.6,3.0
2019-11-26 07:13:26.057,98.6,10.0
2019-11-26 07:13:26.068,98.6,5.0
2019-11-26 07:13:26.076,98.6,4.0
2019-11-26 07:13:26.079,98.6,2.0
2019-11-26 07:13:26.079,98.6,3.0
2019-11-26 07:13:26.079,98.6,1.0
2019-11-26 07:13:26.109,98.6,9.0
2019-11-26 07:13:26.109,98.6,8.0
2019-11-26 07:13:26.109,98.6,5.0
2019-11-26 07:13:26.117,98.6,3.0
2019-11-26 07:13:26.117,98.6,2.0
2019-11-26 07:13:26.117,98.6,4.0
2019-11-26 07:13:26.129,98.6,10.0
2019-11-26 07:13:26.139,98.6,3.0
2019-11-26 07:13:26.189,98.6,26.0
2019-11-26 07:13:26.197,98.6,10.0
2019-11-26 07:13:26.199,98.6,16.0
2019-11-26 07:13:26.209,98.6,19.0
2019-11-26 07:13:26.218,98.6,8.0
2019-11-26 07:58:02.270,98.6,25.0
2019-11-26 08:01:14.808,98.6,10.0
2019-11-26 08:01:14.808,98.6,2.0
2019-11-26 08:01:14.876,98.6,16.0
2019-11-26 08:01:14.958,98.6,1.0
2019-11-26 08:01:15.136,98.6,10.0
2019-11-26 08:01:15.166,98.6,10.0
2019-11-26 08:01:15.208,98.6,10.0
2019-11-26 08:01:15.218,98.6,10.0
2019-11-26 08:01:15.238,98.6,8.0
2019-11-26 08:01:15.358,,15.0
2019-11-26 08:03:12.710,98.6,5.0
2019-11-26 08:03:12.718,98.6,10.0
2019-11-26 08:04:51.018,98.6,2.0
2019-11-26 08:25:42.593,,1.0
2019-11-26 08:27:25.666,98.605,24.0
2019-11-26 08:27:25.676,98.605,5.0
2019-11-26 08:27:25.708,98.605,2.0
2019-11-26 08:27:26.488,98.605,55.0
2019-11-26 08:28:51.499,,2.0
2019-11-26 08:30:43.690,98.605,231.0
2019-11-26 08:30:43.700,98.605,157.0
2019-11-26 08:30:43.741,98.605,114.0
2019-11-26 08:31:00.080,98.605,7.0
2019-11-26 08:41:15.349,98.605,3.0
2019-11-26 08:50:08.528,98.605,2.0
2019-11-26 08:50:08.638,98.605,1.0
2019-11-26 08:50:08.708,98.605,2.0
2019-11-26 08:50:08.728,98.605,2.0
2019-11-26 08:50:47.423,,3.0
2019-11-26 08:52:33.691,,1.0
2019-11-26 09:05:12.663,98.6,3.0
2019-11-26 09:05:12.671,98.6,13.0
2019-11-26 09:08:38.647,98.6,3.0
2019-11-26 09:08:41.616,98.6,2.0
2019-11-26 09:12:28.399,,11.0
2019-11-26 09:13:03.228,98.605,15.0
2019-11-26 09:14:07.936,98.605,5.0
2019-11-26 09:14:25.885,98.605,4.0
2019-11-26 09:20:00.646,98.605,2.0
2019-11-26 09:39:26.641,98.61,10.0
2019-11-26 09:44:08.517,98.605,5.0
2019-11-26 09:46:34.204,98.605,3.0
2019-11-26 09:47:05.023,98.605,3.0
2019-11-26 10:16:50.568,98.605,5.0
2019-11-26 10:19:28.178,98.605,2.0
2019-11-26 10:23:59.448,98.605,5.0
2019-11-26 10:25:36.615,98.605,2.0
2019-11-26 10:25:36.625,98.605,1.0
2019-11-26 10:31:01.114,98.605,5.0
2019-11-26 10:34:09.446,98.605,5.0
2019-11-26 10:36:16.558,,140.0
2019-11-26 10:36:16.788,,62.0
2019-11-26 10:36:16.788,,188.0
2019-11-26 10:38:13.784,,380.0
2019-11-26 10:38:13.794,,138.0
2019-11-26 10:38:13.794,,82.0
2019-11-26 10:38:27.722,98.605,6.0
2019-11-26 10:38:34.962,,30.0
2019-11-26 10:38:45.264,,600.0
2019-11-26 10:38:55.183,,14.0
2019-11-26 10:38:57.901,98.605,5.0
2019-11-26 10:38:57.901,,66.0
2019-11-26 10:38:57.923,,49.0
2019-11-26 10:39:00.501,98.605,5.0
2019-11-26 10:39:09.892,98.605,44.0
2019-11-26 10:39:21.321,98.605,5.0
2019-11-26 10:39:32.899,98.605,5.0
2019-11-26 10:40:54.496,,60.0
2019-11-26 10:43:12.202,98.605,87.0
2019-11-26 10:43:12.232,98.605,4.0
2019-11-26 10:43:13.150,98.605,10.0
2019-11-26 10:43:53.089,98.605,1.0
2019-11-26 10:44:00.750,98.605,5.0
2019-11-26 10:44:24.328,98.605,10.0
2019-11-26 10:45:01.595,98.605,17.0
2019-11-26 10:45:24.065,98.605,5.0
2019-11-26 10:48:00.630,98.605,39.0
2019-11-26 10:48:00.642,,25.0
2019-11-26 10:48:57.590,98.605,34.0
2019-11-26 10:49:59.147,98.605,26.0
2019-11-26 10:50:52.713,98.605,24.0
2019-11-26 10:51:25.236,,35.0
2019-11-26 10:51:37.516,98.605,23.0
2019-11-26 10:52:03.965,98.605,19.0
2019-11-26 10:52:10.856,,60.0
2019-11-26 10:52:50.923,98.605,2.0
2019-11-26 10:52:50.935,98.605,60.0
2019-11-26 10:52:50.964,98.605,30.0
2019-11-26 10:52:50.973,98.605,1.0
2019-11-26 11:00:58.914,98.605,53.0
2019-11-26 11:00:58.914,98.605,3.0
2019-11-26 11:07:10.856,98.605,57.0
2019-11-26 11:17:22.691,98.605,60.0
2019-11-26 11:40:22.717,98.6,21.0
2019-11-26 11:40:22.717,98.6,40.0
2019-11-26 11:40:22.757,,189.0
2019-11-26 11:40:22.777,,2.0
2019-11-26 11:40:22.797,,1.0
2019-11-26 11:42:29.557,,1.0
2019-11-26 11:43:02.882,,1.0
2019-11-26 11:43:16.141,,1.0
2019-11-26 11:43:26.190,,1.0
2019-11-26 11:43:26.310,,1.0
2019-11-26 11:43:26.730,,5.0
2019-11-26 11:44:21.373,,2.0
2019-11-26 11:44:21.373,,1.0
2019-11-26 11:44:30.324,,1.0
2019-11-26 11:53:33.341,98.6,23.0
2019-11-26 11:53:33.350,98.6,2.0
2019-11-26 11:56:01.446,,1.0
2019-11-26 11:56:01.456,,7.0
2019-11-26 11:59:51.977,,5.0
2019-11-26 12:01:23.001,98.605,141.0
2019-11-26 12:01:23.181,98.605,2.0
2019-11-26 12:01:23.181,98.605,8.0
2019-11-26 12:01:23.191,98.605,4.0
2019-11-26 12:01:23.191,98.605,8.0
2019-11-26 12:01:23.199,98.605,5.0
2019-11-26 12:01:23.219,98.605,2.0
2019-11-26 12:01:23.221,98.605,4.0
2019-11-26 12:01:23.231,98.605,9.0
2019-11-26 12:01:23.239,98.605,2.0
2019-11-26 12:01:23.241,98.605,3.0
2019-11-26 12:01:23.241,98.605,1.0
2019-11-26 12:01:23.241,98.605,1.0
2019-11-26 12:01:23.249,98.605,1.0
2019-11-26 12:01:23.249,98.605,2.0
2019-11-26 12:01:23.249,98.605,4.0
2019-11-26 12:01:23.249,98.605,11.0
2019-11-26 12:01:23.261,98.605,1.0
2019-11-26 12:01:23.261,98.605,3.0
2019-11-26 12:01:23.271,98.605,3.0
2019-11-26 12:01:23.271,98.605,3.0
2019-11-26 12:01:23.271,98.605,1.0
2019-11-26 12:01:23.331,98.605,5.0
2019-11-26 12:01:23.351,98.605,37.0
2019-11-26 12:01:23.441,98.605,1.0
2019-11-26 12:01:23.441,98.605,1.0
2019-11-26 12:02:19.617,98.605,25.0
2019-11-26 12:04:30.168,98.605,1.0
2019-11-26 12:04:31.247,98.605,2.0
2019-11-26 12:14:20.856,98.605,2.0
2019-11-26 12:15:24.881,98.605,114.0
2019-11-26 12:15:24.893,98.605,50.0
2019-11-26 12:15:49.781,98.605,37.0
2019-11-26 12:15:49.832,98.605,97.0
2019-11-26 12:15:50.692,98.605,7.0
2019-11-26 12:15:50.762,98.605,15.0
2019-11-26 12:19:39.236,98.605,23.0
2019-11-26 12:21:40.348,98.605,96.0
2019-11-26 12:38:00.039,98.605,9.0
2019-11-26 12:38:00.051,98.605,1.0
2019-11-26 12:54:44.076,98.605,250.0
2019-11-26 12:55:49.802,98.605,1.0
2019-11-26 12:55:49.811,98.605,1.0
2019-11-26 13:16:28.041,98.605,2.0
2019-11-26 13:16:28.041,98.605,1.0
2019-11-26 13:16:28.041,98.605,3.0
2019-11-26 13:16:28.161,98.605,1.0
2019-11-26 13:16:28.161,98.605,1.0
2019-11-26 13:16:28.271,98.605,28.0
2019-11-26 13:16:28.513,98.605,31.0
2019-11-26 13:16:28.843,98.605,8.0
2019-11-26 13:16:28.883,98.605,9.0
2019-11-26 13:16:29.073,98.605,2.0
2019-11-26 13:16:29.083,98.605,2.0
2019-11-26 13:16:31.032,98.605,10.0
2019-11-26 13:16:31.052,98.605,2.0
2019-11-26 13:16:31.070,98.605,16.0
2019-11-26 13:16:35.729,98.605,1.0
2019-11-26 13:16:35.751,98.605,12.0
2019-11-26 13:16:42.380,98.605,3.0
2019-11-26 13:16:54.128,,4.0
2019-11-26 13:17:15.046,98.605,3.0
2019-11-26 13:17:28.834,98.605,3.0
2019-11-26 13:24:03.478,98.61,2.0
2019-11-26 13:25:10.875,,2.0
2019-11-26 13:25:53.998,,1.0
2019-11-26 13:28:40.750,98.61,4.0
2019-11-26 13:36:02.385,,5.0
2019-11-26 13:49:35.437,,1.0
2019-11-26 13:49:35.447,,27.0
2019-11-26 13:49:35.477,,45.0
2019-11-26 13:49:35.477,,45.0
2019-11-26 13:51:31.378,,3.0
2019-11-26 13:51:45.466,,3.0
2019-11-26 13:52:51.761,98.61,3.0
2019-11-26 13:53:13.521,98.61,100.0
2019-11-26 13:56:49.011,,24.0
2019-11-26 13:59:50.195,,1.0
2019-11-26 14:03:04.297,98.61,3.0
2019-11-26 14:05:25.396,98.61,5.0
2019-11-26 14:06:09.634,98.61,11.0
2019-11-26 14:06:10.014,98.61,4.0
2019-11-26 14:06:11.054,98.61,2.0
2019-11-26 14:07:05.001,98.61,2.0
2019-11-26 14:07:05.023,98.61,3.0
2019-11-26 14:07:42.451,98.61,2.0
2019-11-26 14:13:05.705,98.61,1.0
2019-11-26 14:13:05.725,98.61,56.0
2019-11-26 14:13:05.735,98.61,1.0
2019-11-26 14:21:01.906,98.605,5.0
2019-11-26 14:21:02.036,98.605,5.0
2019-11-26 14:21:02.396,98.605,2.0
2019-11-26 14:21:03.855,98.605,1.0
2019-11-26 14:22:05.091,98.605,21.0
2019-11-26 14:24:59.837,98.605,8.0
2019-11-26 14:27:00.058,98.605,12.0
2019-11-26 14:27:22.738,98.605,1.0
2019-11-26 14:43:28.220,98.61,21.0
2019-11-26 14:43:28.224,98.61,20.0
2019-11-26 14:58:23.168,98.605,7.0
2019-11-26 14:58:46.349,98.605,2.0
2019-11-26 14:58:46.349,,2.0
2019-11-26 14:58:46.349,,1.0
2019-11-26 14:58:46.349,98.605,4.0
2019-11-26 14:58:46.349,,5.0
2019-11-26 14:58:46.359,,1.0
2019-11-26 14:59:00.579,98.605,2.0
2019-11-26 14:59:00.597,98.605,3.0
2019-11-26 14:59:03.421,,6.0
2019-11-26 14:59:05.486,98.605,12.0
2019-11-26 15:07:25.807,98.61,13.0
2019-11-26 15:07:36.278,98.61,3.0
2019-11-26 15:09:03.281,,2.0
2019-11-26 15:29:12.765,98.61,2.0
2019-11-26 15:30:28.338,98.61,2.0
2019-11-26 15:38:34.338,,3.0
2019-11-26 15:42:25.446,,7.0
2019-11-26 15:45:08.251,98.61,20.0
2019-11-26 15:46:45.010,98.61,5.0
2019-11-26 15:46:49.968,98.61,21.0
2019-11-26 15:46:53.948,98.61,10.0
2019-11-26 15:48:49.376,98.61,50.0
2019-11-26 15:49:36.658,98.61,10.0
2019-11-26 15:50:09.800,98.61,20.0
2019-11-26 15:51:45.759,98.61,5.0
2019-11-26 16:02:27.116,98.61,39.0
2019-11-26 16:02:27.207,98.61,2.0
2019-11-26 16:02:46.242,98.61,2.0
2019-11-26 16:05:56.014,98.61,1.0
2019-11-26 16:08:32.698,98.61,12.0
2019-11-26 16:08:32.729,98.61,18.0
2019-11-26 16:09:48.885,98.61,2.0
2019-11-26 16:15:30.390,98.61,3.0
2019-11-26 16:22:41.775,,1.0
2019-11-26 16:32:51.036,98.61,3.0
2019-11-26 16:36:15.554,98.61,10.0
2019-11-26 16:36:15.554,98.61,2.0
2019-11-26 16:36:15.834,98.61,5.0
2019-11-26 16:36:17.423,98.61,6.0
2019-11-26 16:36:32.043,98.61,10.0
2019-11-26 16:36:32.123,98.61,11.0
2019-11-26 16:36:32.123,98.61,2.0
2019-11-26 16:36:34.094,98.61,3.0
2019-11-26 16:37:26.046,98.61,16.0
2019-11-26 16:37:26.058,98.61,2.0
2019-11-26 16:37:26.116,98.61,10.0
2019-11-26 16:37:26.148,98.61,2.0
2019-11-26 16:49:27.478,98.61,11.0
2019-11-26 16:50:19.348,98.61,10.0
2019-11-26 16:56:48.048,98.605,100.0
2019-11-26 16:56:58.067,98.605,4.0
2019-11-26 16:56:58.169,98.605,5.0
2019-11-26 16:57:36.130,98.605,2.0
2019-11-26 17:00:28.741,98.605,1.0
2019-11-26 17:00:31.289,98.605,1.0
2019-11-26 17:00:31.291,98.605,1.0
2019-11-26 17:00:39.740,,7.0
2019-11-26 17:06:57.929,98.605,6.0
2019-11-26 17:06:58.027,98.605,2.0
2019-11-26 17:06:58.078,98.605,4.0
2019-11-26 17:08:34.703,98.605,8.0
2019-11-26 17:09:27.832,98.605,3.0
2019-11-26 17:13:20.423,98.605,200.0
2019-11-26 17:13:20.442,,8.0
2019-11-26 17:13:22.732,,31.0
2019-11-26 17:13:27.612,,1.0
2019-11-26 17:13:29.192,,14.0
2019-11-26 17:14:40.962,,100.0
2019-11-26 17:14:40.982,,50.0
2019-11-26 17:14:52.891,,50.0
2019-11-26 17:14:53.631,,8.0
2019-11-26 17:30:19.777,98.605,300.0
2019-11-26 17:30:29.689,,1.0
2019-11-26 17:31:11.415,,1.0
2019-11-26 17:34:24.477,,1.0
2019-11-26 17:59:56.292,,1.0
2019-11-26 17:59:58.154,,1.0
2019-11-26 18:00:59.999,98.605,11.0
2019-11-26 18:01:00.019,98.605,1.0
2019-11-26 18:01:00.021,98.605,1.0
2019-11-26 18:01:00.021,98.605,3.0
2019-11-26 18:01:00.021,98.605,1.0
2019-11-26 18:01:00.031,98.605,2.0
2019-11-26 18:02:44.252,98.605,4.0
2019-11-26 18:13:00.675,98.605,39.0
2019-11-26 18:13:00.677,98.605,53.0
2019-11-26 18:13:00.817,98.605,57.0
2019-11-26 18:13:00.977,98.605,16.0
2019-11-26 18:13:00.977,98.605,2.0
2019-11-26 18:13:01.007,98.605,2.0
2019-11-26 18:13:01.027,98.605,2.0
2019-11-26 18:13:01.127,98.605,1.0
2019-11-26 18:14:49.292,98.605,1.0
2019-11-26 18:14:49.625,98.605,2.0
2019-11-26 18:14:49.632,98.605,1.0
2019-11-26 18:14:49.645,98.605,18.0
2019-11-26 18:14:49.645,98.605,39.0
2019-11-26 18:14:49.645,98.605,22.0
2019-11-26 18:14:49.685,98.605,1.0
2019-11-26 18:14:49.701,98.605,2.0
2019-11-26 18:14:49.763,98.605,1.0
2019-11-26 18:14:49.783,98.605,1.0
2019-11-26 18:14:49.792,98.605,1.0
2019-11-26 18:14:49.803,98.605,1.0
2019-11-26 18:14:49.823,98.605,1.0
2019-11-26 18:14:49.835,98.605,2.0
2019-11-26 18:14:49.983,98.605,19.0
2019-11-26 18:14:49.993,98.605,22.0
2019-11-26 18:14:58.922,98.605,3.0
2019-11-26 18:14:58.922,98.605,7.0
2019-11-26 18:16:21.300,98.605,2.0
2019-11-26 18:16:21.300,98.605,1.0
2019-11-26 18:16:21.302,98.605,1.0
2019-11-26 18:16:21.312,98.605,3.0
2019-11-26 18:20:25.377,98.605,1.0
2019-11-26 18:20:25.447,98.605,6.0
2019-11-26 18:27:00.529,98.605,100.0
2019-11-26 19:00:03.968,98.605,2.0
2019-11-26 19:00:07.008,98.605,2.0
2019-11-26 19:00:50.439,98.605,1.0
2019-11-26 19:00:50.439,98.605,1.0
2019-11-26 19:18:44.362,98.605,24.0
2019-11-26 19:20:34.517,98.605,14.0
2019-11-26 19:20:34.597,98.605,11.0
2019-11-26 19:23:05.685,98.605,10.0
2019-11-26 19:23:05.715,98.605,10.0
2019-11-26 19:32:17.654,,1.0
2019-11-26 19:32:17.846,,1.0
2019-11-26 19:32:17.886,,1.0
2019-11-26 19:32:17.946,,1.0
2019-11-26 19:32:37.265,,2.0
2019-11-26 19:50:12.760,98.605,141.0
2019-11-26 19:50:12.870,98.605,10.0
2019-11-26 19:50:13.010,98.605,21.0
2019-11-26 19:51:11.558,98.605,13.0
2019-11-26 19:51:11.716,98.605,1.0
2019-11-26 19:51:12.246,98.605,2.0
2019-11-26 20:14:15.586,98.605,14.0
2019-11-26 20:14:15.616,98.605,4.0
2019-11-26 20:14:44.101,98.605,1.0
2019-11-26 20:14:44.111,98.605,9.0
2019-11-26 20:14:44.133,98.605,9.0
2019-11-26 20:16:46.172,98.605,2.0
2019-11-26 20:16:46.322,98.605,3.0
2019-11-26 20:16:46.432,98.605,2.0
2019-11-26 20:31:17.321,98.605,10.0
2019-11-26 20:31:17.353,98.605,2.0
2019-11-26 21:04:35.327,98.605,10.0
2019-11-26 21:04:40.477,98.6,2.0
2019-11-26 21:04:40.487,98.6,6.0
2019-11-26 21:04:40.487,98.6,1.0
2019-11-26 21:50:37.265,98.6,8.0
2019-11-26 21:50:37.297,98.6,11.0
2019-11-26 21:50:52.925,98.6,3.0
2019-11-26 21:53:48.062,98.6,3.0
2019-11-26 21:54:24.172,98.6,10.0
2019-11-26 21:54:36.129,98.6,8.0
2019-11-26 21:54:36.141,98.6,5.0
2019-11-26 21:54:36.161,98.6,4.0
2019-11-26 21:55:41.548,98.6,5.0
2019-11-26 21:55:41.550,98.595,78.0
2019-11-26 21:56:33.882,98.6,12.0
2019-11-26 23:03:53.057,98.605,18.0
2019-11-26 23:03:53.148,98.61,1.0
2019-11-27 00:00:00.123,98.6,10.0
2019-11-27 00:00:18.072,98.6,1.0
2019-11-27 00:02:41.975,98.6,7.0
2019-11-27 00:08:39.671,98.605,1.0
2019-11-27 00:08:39.701,98.605,3.0
2019-11-27 00:08:39.721,,6.0
2019-11-27 00:08:39.781,98.605,1.0
2019-11-27 00:08:39.790,98.605,2.0
2019-11-27 00:08:39.801,,2.0
2019-11-27 00:08:39.811,98.605,1.0
2019-11-27 00:08:39.831,98.605,1.0
2019-11-27 00:08:39.901,,1.0
2019-11-27 00:08:39.901,,1.0
2019-11-27 00:08:39.901,,1.0
2019-11-27 00:09:07.818,98.605,10.0
2019-11-27 00:09:07.868,98.605,2.0
2019-11-27 00:09:07.888,98.605,1.0
2019-11-27 00:18:09.299,98.605,35.0
2019-11-27 00:32:33.260,,18.0
2019-11-27 00:50:23.657,98.605,2.0
2019-11-27 01:09:16.348,,6.0
2019-11-27 01:15:20.289,,19.0
2019-11-27 01:22:50.217,98.605,7.0
2019-11-27 01:40:13.736,98.605,10.0
2019-11-27 01:44:43.425,98.6,1.0
2019-11-27 01:44:43.435,98.6,2.0
2019-11-27 02:57:28.833,98.6,2.0
2019-11-27 02:57:28.854,98.6,2.0
2019-11-27 02:57:28.854,98.6,1.0
2019-11-27 03:02:12.156,98.6,9.0
2019-11-27 03:02:12.177,98.6,2.0
2019-11-27 05:48:15.750,98.6,8.0
2019-11-27 05:50:06.894,98.6,5.0
2019-11-27 06:51:26.556,98.6,2.0
2019-11-27 06:51:26.564,98.6,8.0
2019-11-27 06:51:26.575,98.6,8.0
2019-11-27 07:02:47.253,98.6,6.0
2019-11-27 07:04:23.386,98.6,2.0
2019-11-27 07:04:39.683,98.6,3.0
2019-11-27 07:04:59.363,98.6,5.0
2019-11-27 07:06:59.525,98.6,2.0
2019-11-27 07:08:30.378,98.6,16.0
2019-11-27 07:12:14.102,98.6,2.0
2019-11-27 07:12:36.011,98.6,2.0
2019-11-27 07:13:49.106,98.6,2.0
2019-11-27 07:25:23.388,98.6,2.0
2019-11-27 07:26:04.554,98.6,2.0
2019-11-27 07:26:18.602,98.6,2.0
2019-11-27 07:30:54.649,98.6,15.0
2019-11-27 07:31:34.694,98.6,12.0
2019-11-27 07:31:34.726,98.6,3.0
2019-11-27 07:32:40.811,98.6,2.0
2019-11-27 07:37:37.319,98.6,2.0
2019-11-27 07:40:03.787,98.6,10.0
2019-11-27 07:57:23.334,98.6,2.0
2019-11-27 07:57:36.933,98.6,2.0
2019-11-27 07:59:33.273,98.6,6.0
2019-11-27 08:00:11.991,98.6,1.0
2019-11-27 08:17:02.922,98.6,1.0
2019-11-27 08:19:16.836,98.6,2.0
2019-11-27 09:28:05.981,98.6,10.0
2019-11-27 09:28:05.993,98.6,2.0
2019-11-27 09:28:06.051,98.6,16.0
2019-11-27 09:28:06.153,98.6,9.0
2019-11-27 09:39:52.344,,30.0
2019-11-27 09:49:33.432,98.6,100.0
2019-11-27 10:57:05.109,,10.0
2019-11-27 11:19:35.662,,4.0
2019-11-27 11:22:04.378,,12.0
2019-11-27 11:39:55.429,98.6,134.0
2019-11-27 11:39:55.699,98.6,1.0
2019-11-27 11:39:55.707,98.6,10.0
2019-11-27 11:40:03.960,98.6,15.0
2019-11-27 11:48:03.852,,6.0
2019-11-27 11:51:20.657,,15.0
2019-11-27 11:54:29.285,98.6,5.0
2019-11-27 12:41:35.343,98.6,5.0
2019-11-27 12:41:35.452,98.6,1.0
2019-11-27 12:41:35.483,98.6,10.0
2019-11-27 13:05:06.034,,1.0
2019-11-27 13:05:06.172,,499.0
2019-11-27 13:05:14.680,,2.0
2019-11-27 13:05:14.732,,2.0
2019-11-27 13:05:14.942,,2.0
2019-11-27 13:08:55.774,98.6,7.0
2019-11-27 13:08:56.264,98.6,1.0
2019-11-27 13:08:56.294,98.6,7.0
2019-11-27 13:08:56.804,98.6,7.0
2019-11-27 13:08:57.283,98.6,7.0
2019-11-27 13:08:57.783,98.6,1.0
2019-11-27 13:08:57.793,98.6,7.0
2019-11-27 13:12:51.905,98.6,6.0
2019-11-27 13:12:52.715,98.6,1.0
2019-11-27 13:12:55.417,98.6,4.0
2019-11-27 13:12:56.327,98.6,4.0
2019-11-27 13:20:15.990,98.6,7.0
2019-11-27 13:20:16.002,98.6,1.0
2019-11-27 13:20:20.372,98.6,1.0
2019-11-27 13:20:20.472,98.6,4.0
2019-11-27 13:20:44.702,98.6,2.0
2019-11-27 13:21:33.398,98.6,46.0
2019-11-27 13:22:01.576,98.6,2.0
2019-11-27 13:22:19.874,98.6,7.0
2019-11-27 13:22:20.382,98.6,7.0
2019-11-27 13:26:10.786,98.6,10.0
2019-11-27 13:26:52.251,98.6,1.0
2019-11-27 13:27:17.679,98.6,3.0
2019-11-27 13:27:17.701,98.6,1.0
2019-11-27 13:27:28.259,98.6,6.0
2019-11-27 13:27:28.549,,2.0
2019-11-27 13:28:44.482,98.6,1.0
2019-11-27 13:29:21.167,98.6,89.0
2019-11-27 13:29:22.419,98.595,6.0
2019-11-27 13:29:55.705,98.6,2.0
2019-11-27 13:30:02.567,98.595,2.0
2019-11-27 13:30:07.644,98.595,9.0
2019-11-27 13:30:13.154,98.595,5.0
2019-11-27 13:30:17.155,,5.0
2019-11-27 13:30:17.175,,132.0
2019-11-27 13:30:26.224,98.59,1.0
2019-11-27 13:30:47.823,98.59,5.0
2019-11-27 13:30:55.021,98.585,6.0
2019-11-27 13:30:55.321,98.59,1.0
2019-11-27 13:31:01.912,,2.0
2019-11-27 13:31:13.452,98.585,2.0
2019-11-27 13:31:14.942,98.585,1.0
2019-11-27 13:31:30.931,98.585,4.0
2019-11-27 13:32:22.471,98.585,4.0
2019-11-27 13:33:18.902,98.585,21.0
2019-11-27 13:36:17.408,98.585,1.0
2019-11-27 13:40:01.679,98.585,1.0
2019-11-27 13:40:22.278,98.585,6.0
2019-11-27 13:40:45.298,98.585,1.0
2019-11-27 13:41:39.017,98.585,1.0
2019-11-27 13:49:38.666,,2.0
2019-11-27 13:49:38.678,,197.0
2019-11-27 13:51:12.142,98.59,6.0
2019-11-27 13:52:21.435,98.59,4.0
2019-11-27 13:52:21.454,98.59,1.0
2019-11-27 13:53:35.429,98.59,6.0
2019-11-27 13:53:35.589,98.59,10.0
2019-11-27 13:53:35.589,98.59,4.0
2019-11-27 13:54:07.407,98.59,60.0
2019-11-27 13:55:28.802,98.59,1.0
2019-11-27 13:59:41.731,,132.0
2019-11-27 13:59:41.743,,68.0
2019-11-27 13:59:41.753,,401.0
2019-11-27 14:01:47.243,,2.0
2019-11-27 14:06:56.991,98.59,3.0
2019-11-27 14:21:20.327,98.595,37.0
2019-11-27 14:21:20.427,98.595,2.0
2019-11-27 14:21:20.527,98.595,10.0
2019-11-27 14:21:28.247,98.595,10.0
2019-11-27 14:22:26.671,98.595,2.0
2019-11-27 14:32:32.967,98.595,10.0
2019-11-27 14:32:33.079,98.595,4.0
2019-11-27 14:32:33.227,98.595,6.0
2019-11-27 14:33:59.205,,20.0
2019-11-27 14:45:18.751,98.595,10.0
2019-11-27 14:45:18.789,98.595,7.0
2019-11-27 14:50:15.821,98.59,45.0
2019-11-27 14:58:48.766,98.59,26.0
2019-11-27 14:59:25.189,98.59,37.0
2019-11-27 15:00:00.852,98.59,2.0
2019-11-27 15:00:58.657,98.595,3.0
2019-11-27 15:00:58.658,98.595,14.0
2019-11-27 15:10:35.062,,11.0
2019-11-27 15:21:14.585,98.595,1.0
2019-11-27 15:21:22.823,98.595,4.0
2019-11-27 15:21:26.132,98.595,29.0
2019-11-27 15:21:26.153,98.595,2.0
2019-11-27 15:21:26.153,98.595,9.0
2019-11-27 15:21:26.173,98.595,3.0
2019-11-27 15:22:08.135,98.595,10.0
2019-11-27 15:40:16.587,98.595,10.0
2019-11-27 15:40:16.611,98.595,10.0
2019-11-27 15:40:21.879,98.595,24.0
2019-11-27 15:42:41.999,,1.0
2019-11-27 15:52:09.497,98.59,1.0
2019-11-27 15:54:08.185,98.59,1.0
2019-11-27 15:56:01.276,98.59,20.0
2019-11-27 15:56:01.286,98.59,11.0
2019-11-27 15:56:01.366,98.59,1.0
2019-11-27 15:56:01.546,98.59,7.0
2019-11-27 15:56:40.017,98.59,60.0
2019-11-27 15:56:40.057,98.59,17.0
2019-11-27 15:56:40.065,98.59,1.0
2019-11-27 15:56:40.065,98.59,1.0
2019-11-27 15:56:40.075,98.59,21.0
2019-11-27 15:57:22.650,98.59,150.0
2019-11-27 15:58:50.176,,7.0
2019-11-27 16:09:07.566,,20.0
2019-11-27 16:10:53.068,98.59,60.0
2019-11-27 16:11:03.040,98.59,8.0
2019-11-27 16:11:16.478,98.59,1.0
2019-11-27 16:11:16.490,98.59,3.0
2019-11-27 16:11:16.500,98.59,1.0
2019-11-27 16:11:16.510,98.59,1.0
2019-11-27 16:11:16.520,98.59,1.0
2019-11-27 16:11:47.340,,6.0
2019-11-27 16:13:46.879,98.59,15.0
2019-11-27 16:13:51.450,,5.0
2019-11-27 16:23:07.949,,1.0
2019-11-27 16:23:08.000,,1.0
2019-11-27 16:24:47.953,,1.0
2019-11-27 16:24:47.953,,3.0
2019-11-27 16:24:47.973,,1.0
2019-11-27 16:26:23.162,,1.0
2019-11-27 16:26:23.162,,4.0
2019-11-27 16:26:23.184,,1.0
2019-11-27 16:26:23.184,,2.0
2019-11-27 16:26:23.184,,1.0
2019-11-27 16:26:31.133,,1.0
2019-11-27 16:26:31.145,,1.0
2019-11-27 16:26:31.195,,1.0
2019-11-27 16:26:35.723,,1.0
2019-11-27 16:26:37.735,,1.0
2019-11-27 16:26:37.735,,2.0
2019-11-27 16:26:39.125,,1.0
2019-11-27 16:26:39.125,,1.0
2019-11-27 16:26:48.237,98.585,1000.0
2019-11-27 16:26:48.267,,27.0
2019-11-27 16:26:48.285,98.585,23.0
2019-11-27 16:26:48.327,98.585,10.0
2019-11-27 16:26:48.327,,12.0
2019-11-27 16:26:48.407,,3.0
2019-11-27 16:26:48.427,98.585,145.0
2019-11-27 16:26:48.475,,1.0
2019-11-27 16:26:48.507,,5.0
2019-11-27 16:26:48.556,,1.0
2019-11-27 16:26:48.675,,2.0
2019-11-27 16:26:48.987,,1.0
2019-11-27 16:26:48.987,,1.0
2019-11-27 16:26:49.007,,1.0
2019-11-27 16:27:03.707,,3.0
2019-11-27 16:27:11.157,,5.0
2019-11-27 16:27:42.859,,8.0
2019-11-27 16:28:03.740,,3.0
2019-11-27 16:30:32.647,98.585,10.0
2019-11-27 16:30:32.667,98.585,60.0
2019-11-27 16:30:32.677,98.585,17.0
2019-11-27 16:30:32.677,,7.0
2019-11-27 16:30:32.677,98.585,5.0
2019-11-27 16:32:25.319,98.585,5.0
2019-11-27 16:54:08.013,98.59,5.0
2019-11-27 16:54:08.123,98.59,2.0
2019-11-27 16:54:08.123,98.59,13.0
2019-11-27 16:54:08.153,98.59,4.0
2019-11-27 16:54:09.111,98.59,1.0
2019-11-27 16:54:11.051,98.59,11.0
2019-11-27 16:54:11.073,98.59,1.0
2019-11-27 16:58:33.043,98.59,10.0
2019-11-27 16:58:33.123,98.59,10.0
2019-11-27 17:05:21.992,98.59,2.0
2019-11-27 17:05:22.000,98.59,2.0
2019-11-27 17:06:43.137,98.59,6.0
2019-11-27 17:06:43.167,98.59,3.0
2019-11-27 17:06:43.177,98.59,2.0
2019-11-27 17:08:44.810,98.59,2.0
2019-11-27 17:28:12.824,,3.0
2019-11-27 17:44:11.992,98.59,13.0
2019-11-27 17:45:29.920,98.59,2.0
2019-11-27 17:45:29.922,98.59,1.0
2019-11-27 17:45:29.922,98.59,10.0
2019-11-27 17:46:18.454,98.59,10.0
2019-11-27 18:07:30.062,98.585,64.0
2019-11-27 18:09:18.823,98.585,18.0
2019-11-27 18:09:50.438,98.585,1.0
2019-11-27 18:17:48.957,98.585,10.0
2019-11-27 18:19:44.243,,25.0
2019-11-27 18:26:51.568,98.585,5.0
2019-11-27 18:29:11.963,98.585,25.0
2019-11-27 18:43:17.239,,13.0
2019-11-27 18:43:17.249,,10.0
2019-11-27 18:43:17.249,,2.0
2019-11-27 19:17:39.924,98.585,1.0
2019-11-27 19:17:39.934,98.585,5.0
2019-11-27 19:17:39.944,98.585,11.0
2019-11-27 19:17:39.974,98.585,1.0
2019-11-27 19:17:41.324,,27.0
2019-11-27 19:17:43.722,,9.0
2019-11-27 19:17:44.224,,2.0
2019-11-27 19:18:08.971,,2.0
2019-11-27 19:18:10.471,,1.0
2019-11-27 19:18:28.478,,8.0
2019-11-27 19:29:54.711,,13.0
2019-11-27 19:33:20.203,,15.0
2019-11-27 19:33:20.213,,2.0
2019-11-27 19:35:16.729,98.58,2.0
2019-11-27 19:36:34.145,,1.0
2019-11-27 19:36:34.196,,1.0
2019-11-27 19:36:34.226,,6.0
2019-11-27 19:36:34.244,,10.0
2019-11-27 19:36:34.255,,1.0
2019-11-27 19:36:34.266,,1.0
2019-11-27 19:36:48.076,,1.0
2019-11-27 19:36:52.074,,1.0
2019-11-27 19:37:17.575,,1.0
2019-11-27 19:37:42.634,,7.0
2019-11-27 19:37:55.704,,2.0
2019-11-27 19:38:05.834,,2.0
2019-11-27 20:34:25.329,98.575,45.0
2019-11-27 20:34:27.148,98.575,9.0
2019-11-27 20:34:27.237,98.575,12.0
2019-11-27 20:34:27.249,98.575,39.0
2019-11-27 20:37:38.680,98.575,10.0
2019-11-27 20:51:12.968,98.575,6.0
2019-11-27 21:00:45.626,98.575,10.0
2019-11-27 21:13:49.151,98.575,22.0
2019-11-27 21:21:52.711,98.575,10.0
2019-11-27 21:34:05.589,98.575,4.0
2019-11-27 21:34:05.591,98.575,1.0
2019-11-27 21:34:05.591,98.575,1.0
2019-11-27 21:34:05.641,98.575,6.0
2019-11-27 21:34:05.649,98.575,1.0
2019-11-27 21:34:05.649,98.575,1.0
2019-11-27 21:34:05.671,98.575,8.0
2019-11-27 21:34:05.751,,4.0
2019-11-27 21:38:12.090,98.575,16.0
2019-11-27 21:38:20.111,98.575,8.0
2019-11-27 21:52:10.481,98.575,62.0
2019-11-28 00:48:06.836,98.58,28.0
2019-11-28 01:29:34.591,98.585,13.0
2019-11-28 01:29:34.599,98.585,10.0
2019-11-28 01:29:34.601,98.585,14.0
2019-11-28 01:29:34.641,,13.0
2019-11-28 01:29:39.592,98.585,1.0
2019-11-28 06:11:35.495,98.58,2.0
2019-11-28 06:12:03.294,98.58,12.0
2019-11-28 06:12:03.302,98.58,1.0
2019-11-28 06:12:03.302,98.58,1.0
2019-11-28 06:34:49.986,98.585,89.0
2019-11-28 07:41:49.425,98.585,50.0
2019-11-28 07:46:25.099,98.59,19.0
2019-11-28 08:07:41.962,98.59,24.0
2019-11-28 08:41:41.554,98.59,25.0
2019-11-28 08:41:54.682,98.59,2.0
2019-11-28 09:57:51.104,98.59,1.0
2019-11-28 11:58:28.017,98.58,3.0
2019-11-28 12:01:56.045,,3.0
2019-11-28 12:01:56.045,,1.0
2019-11-28 12:01:56.045,,17.0
2019-11-28 12:02:20.552,,1.0
2019-11-28 12:02:20.572,,2.0
2019-11-28 14:20:36.593,98.575,1.0
2019-11-28 15:47:37.553,98.575,1.0
2019-11-28 15:49:24.268,98.575,1.0
2019-11-28 15:50:24.389,98.575,1.0
2019-11-28 16:23:24.322,98.575,1.0
2019-11-28 16:27:02.645,,6.0
2019-11-28 16:28:13.587,,3.0
2019-11-28 16:29:28.771,,6.0
2019-11-28 16:39:14.954,98.575,1.0
2019-11-28 17:52:45.038,,10.0
2019-11-28 17:55:30.033,98.575,3.0
2019-11-28 17:55:30.043,98.575,8.0
2019-11-29 03:09:18.420,98.58,7.0
2019-11-29 03:09:18.440,98.58,6.0
2019-11-29 03:09:18.440,98.58,2.0
2019-11-29 03:09:18.440,98.58,1.0
2019-11-29 03:09:18.450,98.58,1.0
2019-11-29 03:09:18.450,98.58,6.0
2019-11-29 03:09:18.450,98.58,7.0
2019-11-29 03:09:18.460,98.58,5.0
2019-11-29 04:59:19.095,,1.0
2019-11-29 04:59:19.095,,2.0
2019-11-29 05:20:04.100,98.58,16.0
2019-11-29 05:40:42.475,98.58,9.0
2019-11-29 06:40:02.207,98.58,15.0
2019-11-29 08:01:14.741,98.58,5.0
2019-11-29 08:08:44.190,,97.0
2019-11-29 08:08:44.221,,8.0
2019-11-29 08:22:42.945,98.58,5.0
2019-11-29 08:32:46.103,98.575,5.0
2019-11-29 08:47:08.849,,30.0
2019-11-29 08:47:23.500,,8.0
2019-11-29 08:47:23.510,,22.0
2019-11-29 09:23:39.054,,12.0
2019-11-29 11:00:57.018,98.58,21.0
2019-11-29 11:50:12.771,98.58,18.0
2019-11-29 12:35:48.462,98.575,2.0
2019-11-29 12:35:48.552,98.575,4.0
2019-11-29 12:35:48.570,,56.0
2019-11-29 12:35:48.582,98.575,4.0
2019-11-29 12:35:48.670,98.575,18.0
2019-11-29 12:35:48.670,98.575,2.0
2019-11-29 12:35:48.680,98.575,8.0
2019-11-29 12:57:27.882,98.575,15.0
2019-11-29 13:04:01.562,98.575,38.0
2019-11-29 13:04:01.582,,77.0
2019-11-29 13:04:07.022,98.575,22.0
2019-11-29 13:04:23.541,98.575,18.0
2019-11-29 13:18:32.268,98.575,40.0
2019-11-29 13:24:42.876,98.575,20.0
2019-11-29 13:24:42.958,98.575,10.0
2019-11-29 13:24:42.980,98.575,9.0
2019-11-29 13:24:42.988,98.575,2.0
2019-11-29 13:24:43.010,98.575,3.0
2019-11-29 13:24:43.018,98.575,10.0
2019-11-29 13:24:43.028,98.575,2.0
2019-11-29 13:24:43.051,98.575,10.0
2019-11-29 13:24:43.090,98.575,10.0
2019-11-29 13:24:43.130,98.575,10.0
2019-11-29 13:24:43.167,98.575,10.0
2019-11-29 13:24:43.228,98.575,1.0
2019-11-29 13:24:43.279,98.575,9.0
2019-11-29 13:24:43.329,98.575,10.0
2019-11-29 13:24:43.369,98.575,10.0
2019-11-29 13:24:43.389,98.575,10.0
2019-11-29 13:24:43.397,98.575,5.0
2019-11-29 13:24:43.397,98.575,5.0
2019-11-29 13:24:43.419,98.575,10.0
2019-11-29 13:24:43.429,98.575,10.0
2019-11-29 13:24:43.449,98.575,10.0
2019-11-29 13:24:43.458,98.575,10.0
2019-11-29 13:24:43.469,98.575,10.0
2019-11-29 13:24:43.489,98.575,10.0
2019-11-29 13:24:43.499,98.575,5.0
2019-11-29 13:24:43.509,98.575,5.0
2019-11-29 13:24:43.519,98.575,10.0
2019-11-29 13:24:43.528,98.575,10.0
2019-11-29 13:24:43.537,98.575,5.0
2019-11-29 13:24:43.549,98.575,5.0
2019-11-29 13:24:43.729,98.575,20.0
2019-11-29 13:24:43.769,98.575,10.0
2019-11-29 13:24:43.829,98.575,10.0
2019-11-29 13:24:43.859,98.575,10.0
2019-11-29 13:24:43.929,98.575,10.0
2019-11-29 13:24:43.957,98.575,10.0
2019-11-29 13:24:44.129,98.575,10.0
2019-11-29 13:24:44.249,98.575,10.0
2019-11-29 13:24:48.497,98.575,5.0
2019-11-29 13:24:48.509,98.575,5.0
2019-11-29 13:25:59.170,98.575,30.0
2019-11-29 13:39:48.486,98.575,4.0
2019-11-29 13:39:54.114,98.575,18.0
2019-11-29 13:39:54.143,,32.0
2019-11-29 13:39:54.165,,25.0
2019-11-29 13:39:54.175,,21.0
2019-11-29 13:39:54.175,,21.0
2019-11-29 13:39:54.175,,11.0
2019-11-29 13:39:54.185,,5.0
2019-11-29 13:44:00.357,,20.0
2019-11-29 13:46:00.689,98.575,25.0
2019-11-29 13:48:21.734,98.575,25.0
2019-11-29 13:48:40.594,98.575,2.0
2019-11-29 13:48:40.614,98.575,48.0
2019-11-29 13:48:40.624,98.575,37.0
2019-11-29 13:48:44.442,98.575,60.0
2019-11-29 13:50:29.390,98.575,300.0
2019-11-29 13:50:29.410,98.575,13.0
2019-11-29 13:51:09.005,98.575,10.0
2019-11-29 13:58:34.531,98.575,10.0
2019-11-29 14:01:15.440,,1.0
2019-11-29 14:01:15.448,,5.0
2019-11-29 14:01:18.389,98.57,2.0
2019-11-29 14:01:20.717,98.57,17.0
2019-11-29 14:01:20.717,98.57,29.0
2019-11-29 14:01:20.747,98.57,35.0
2019-11-29 14:01:22.328,98.57,33.0
2019-11-29 14:01:22.328,98.57,15.0
2019-11-29 14:04:24.021,98.575,1.0
2019-11-29 14:04:24.029,98.575,4.0
2019-11-29 14:04:24.029,98.575,1.0
2019-11-29 14:04:24.029,98.575,2.0
2019-11-29 14:04:24.041,98.575,1.0
2019-11-29 14:04:24.079,98.575,1.0
2019-11-29 14:04:24.131,98.575,10.0
2019-11-29 14:04:24.131,98.575,5.0
2019-11-29 14:04:24.169,98.575,15.0
2019-11-29 14:06:18.396,98.575,10.0
2019-11-29 14:17:11.272,98.575,2.0
2019-11-29 14:17:11.272,98.575,8.0
2019-11-29 14:24:59.149,98.575,10.0
2019-11-29 14:34:02.668,,15.0
2019-11-29 14:35:44.872,98.575,7.0
2019-11-29 14:40:09.072,98.575,5.0
2019-11-29 14:41:33.031,98.575,7.0
2019-11-29 14:41:58.398,98.575,5.0
2019-11-29 14:42:37.491,98.575,5.0
2019-11-29 14:43:17.602,98.575,5.0
2019-11-29 14:43:40.493,98.575,5.0
2019-11-29 14:48:53.827,98.575,11.0
2019-11-29 15:14:33.934,,1.0
2019-11-29 15:14:33.943,,29.0
2019-11-29 15:14:33.943,,30.0
2019-11-29 15:24:34.653,98.58,6.0
2019-11-29 15:34:07.973,98.575,66.0
2019-11-29 15:34:15.959,98.575,1.0
2019-11-29 15:37:31.473,98.575,9.0
2019-11-29 15:37:51.595,98.575,6.0
2019-11-29 15:39:57.045,98.575,3.0
2019-11-29 15:42:22.697,98.575,3.0
2019-11-29 15:42:34.049,98.575,2.0
2019-11-29 15:48:17.722,98.575,6.0
2019-11-29 16:07:14.312,98.575,14.0
2019-11-29 16:07:14.344,98.575,39.0
2019-11-29 16:14:34.409,98.575,1.0
2019-11-29 16:14:34.520,98.575,10.0
2019-11-29 16:14:34.540,98.575,10.0
2019-11-29 16:16:55.356,98.575,19.0
2019-11-29 16:20:02.247,98.575,7.0
2019-11-29 17:07:05.166,98.575,1.0
2019-11-29 17:07:05.176,,74.0
2019-11-29 17:09:04.024,,1.0
2019-11-29 17:09:04.024,,20.0
2019-11-29 17:09:04.034,,1.0
2019-11-29 17:09:04.044,,1.0
2019-11-29 17:09:04.054,,3.0
2019-11-29 17:17:23.924,,1.0
2019-11-29 17:17:23.934,,1.0
2019-11-29 17:17:23.934,,11.0
2019-11-29 17:17:34.125,,1.0
2019-11-29 17:17:34.145,,12.0
2019-11-29 17:17:34.145,,1.0
2019-11-29 17:17:34.145,,1.0
2019-11-29 17:22:44.325,,38.0
2019-11-29 17:27:22.703,,83.0
2019-11-29 17:30:12.634,,62.0
2019-11-29 17:38:04.387,98.58,7.0
2019-11-29 17:50:15.234,98.575,6.0
2019-11-29 17:50:15.364,98.575,4.0
2019-11-29 17:50:15.662,98.575,3.0
2019-11-29 17:50:15.692,98.575,17.0
2019-11-29 17:50:15.702,98.575,7.0
2019-11-29 17:50:15.864,98.575,21.0
2019-11-29 17:50:27.081,98.575,200.0
2019-11-29 17:54:03.299,98.58,2.0
2019-11-29 17:54:03.309,98.58,1.0
2019-11-29 17:54:03.339,98.58,1.0
2019-11-29 17:54:08.190,98.58,1.0
2019-11-29 17:54:08.450,98.58,2.0
2019-11-29 17:54:08.730,98.58,1.0
2019-11-29 17:54:13.481,98.58,2.0
2019-11-29 17:54:27.101,,2.0
2019-11-29 17:54:27.111,,1.0
2019-11-29 17:54:30.243,,3.0
2019-11-29 17:54:30.253,,1.0
2019-11-29 17:54:32.119,98.58,17.0
2019-11-29 17:54:32.119,98.58,5.0
2019-11-29 17:55:22.803,,1.0
2019-11-29 17:55:22.803,,22.0
2019-11-29 17:55:30.163,98.58,4.0
2019-11-29 17:55:30.163,98.58,24.0
2019-11-29 17:55:33.431,98.58,8.0
2019-11-29 17:55:33.443,98.58,18.0
2019-11-29 17:55:33.941,98.58,9.0
2019-11-29 17:55:33.943,98.58,8.0
2019-11-29 17:55:33.951,98.58,19.0
2019-11-29 17:56:18.807,98.58,7.0
2019-11-29 17:56:38.299,98.58,7.0
2019-11-29 17:58:38.175,98.585,2.0
2019-11-29 17:58:39.275,98.585,1.0
2019-11-29 17:58:39.294,98.585,5.0
2019-11-29 17:58:39.294,98.585,2.0
2019-11-29 17:58:39.294,98.585,1.0
2019-11-29 17:58:39.294,98.585,1.0
2019-11-29 17:58:39.295,98.585,1.0
2019-11-29 17:58:39.305,98.585,1.0
2019-11-29 17:58:39.315,98.585,9.0
2019-11-29 17:59:02.078,98.585,2.0
2019-11-29 18:00:00.969,98.59,1.0
2019-11-29 18:00:01.109,98.59,1.0
2019-11-29 18:00:01.338,98.59,1.0
2019-11-29 18:00:01.429,98.59,3.0
2019-11-29 18:00:02.049,98.59,2.0
2019-11-29 18:00:02.059,98.59,1.0
2019-11-29 18:00:02.278,98.59,4.0
2019-11-29 18:00:02.409,98.59,3.0
2019-11-29 18:00:03.845,98.59,1.0
2019-11-29 18:01:18.042,98.585,5.0
2019-11-29 18:02:04.342,98.585,62.0
2019-11-29 18:08:35.356,98.585,57.0
2019-11-29 18:08:35.358,98.585,1.0
2019-11-29 18:09:44.962,98.585,54.0
2019-11-29 18:09:44.972,98.585,34.0
2019-11-29 18:09:44.992,98.585,4.0
2019-11-29 18:09:45.012,98.585,1.0
2019-11-29 18:09:45.012,98.585,3.0
2019-12-01 23:38:36.730,98.58500000000001,3.0
2019-12-02 00:04:51.558,98.58,1.0
2019-12-02 00:05:05.128,98.58,6.0
2019-12-02 00:05:05.760,98.58,4.0
2019-12-02 00:05:05.760,98.58,2.0
2019-12-02 00:05:24.178,98.58,1.0
2019-12-02 00:05:24.198,98.58,1.0
2019-12-02 00:05:24.208,98.58,4.0
2019-12-02 00:05:24.226,98.58,1.0
2019-12-02 00:05:24.238,98.58,2.0
2019-12-02 00:07:23.442,98.58,5.0
2019-12-02 02:17:42.879,98.575,1.0
2019-12-02 06:45:02.329,98.575,2.0
2019-12-02 06:45:02.329,98.575,1.0
2019-12-02 06:45:02.339,98.575,1.0
2019-12-02 06:45:02.339,98.575,1.0
2019-12-02 07:04:40.912,98.575,2.0
2019-12-02 07:26:30.332,98.57,1.0
2019-12-02 07:26:30.342,98.57,1.0
2019-12-02 07:26:30.342,98.57,2.0
2019-12-02 07:43:37.801,98.57,50.0
2019-12-02 07:43:37.821,,5.0
2019-12-02 07:48:29.390,98.57,10.0
2019-12-02 07:48:57.800,98.57,15.0
2019-12-02 07:48:57.850,98.57,5.0
2019-12-02 08:03:52.131,98.57,5.0
2019-12-02 08:04:01.000,98.57,5.0
2019-12-02 08:05:13.486,98.57,26.0
2019-12-02 08:05:13.524,98.57,4.0
2019-12-02 08:06:15.875,98.565,100.0
2019-12-02 08:06:45.937,,2.0
2019-12-02 08:07:17.850,,2.0
2019-12-02 08:07:17.950,,11.0
2019-12-02 08:07:17.980,,10.0
2019-12-02 08:07:18.000,,6.0
2019-12-02 08:07:18.068,,4.0
2019-12-02 08:07:18.078,,2.0
2019-12-02 08:07:18.100,,5.0
2019-12-02 08:07:18.109,,1.0
2019-12-02 08:07:18.128,,1.0
2019-12-02 08:07:18.130,,1.0
2019-12-02 08:07:18.140,,1.0
2019-12-02 08:07:18.150,,1.0
2019-12-02 08:07:31.739,98.57,5.0
2019-12-02 08:11:05.213,98.565,1.0
2019-12-02 08:11:05.215,,65.0
2019-12-02 08:12:29.087,98.57,10.0
2019-12-02 08:12:43.806,98.57,4.0
2019-12-02 08:22:58.661,98.565,1.0
2019-12-02 08:23:53.875,98.565,4.0
2019-12-02 08:27:45.307,,1.0
2019-12-02 08:27:45.317,,5.0
2019-12-02 08:32:07.719,98.565,4.0
2019-12-02 08:32:07.719,98.565,3.0
2019-12-02 08:34:30.371,98.565,5.0
2019-12-02 08:42:38.307,98.565,5.0
2019-12-02 08:54:18.180,98.565,5.0
2019-12-02 08:56:46.264,98.565,5.0
2019-12-02 08:57:29.737,98.565,24.0
2019-12-02 09:04:25.777,,15.0
2019-12-02 09:04:27.747,98.565,10.0
2019-12-02 09:14:04.994,98.565,300.0
2019-12-02 09:14:05.014,98.565,6.0
2019-12-02 09:15:23.094,98.565,5.0
2019-12-02 09:25:27.632,98.565,8.0
2019-12-02 09:25:51.099,98.565,8.0
2019-12-02 09:26:01.489,98.565,221.0
2019-12-02 09:43:09.283,,1.0
2019-12-02 09:49:04.635,98.57,4.0
2019-12-02 09:49:04.635,98.57,2.0
2019-12-02 10:05:18.278,98.565,40.0
2019-12-02 10:05:18.376,98.565,2.0
2019-12-02 10:05:31.343,98.565,3.0
2019-12-02 10:18:05.122,,23.0
2019-12-02 10:18:05.132,,17.0
2019-12-02 10:18:38.532,,25.0
2019-12-02 10:19:33.560,,20.0
2019-12-02 10:19:35.288,,20.0
2019-12-02 10:19:38.060,,30.0
2019-12-02 10:19:52.250,,37.0
2019-12-02 10:19:52.260,,3.0
2019-12-02 10:20:03.610,,12.0
2019-12-02 10:20:03.619,,6.0
2019-12-02 10:21:11.000,,4.0
2019-12-02 10:21:11.010,,4.0
2019-12-02 10:21:25.490,,12.0
2019-12-02 10:21:25.500,,10.0
2019-12-02 10:22:06.629,,6.0
2019-12-02 10:22:06.639,,6.0
2019-12-02 10:22:29.968,,12.0
2019-12-02 10:22:29.978,,6.0
2019-12-02 10:22:29.987,,8.0
2019-12-02 10:22:50.628,98.565,3.0
2019-12-02 10:30:07.444,,30.0
2019-12-02 10:43:46.897,,6.0
2019-12-02 10:43:53.668,,8.0
2019-12-02 11:00:35.498,,1.0
2019-12-02 11:00:41.946,98.57,1.0
2019-12-02 11:00:41.946,98.57,2.0
2019-12-02 11:00:42.726,,3.0
2019-12-02 11:00:45.998,98.57,1.0
2019-12-02 11:02:51.186,98.57,2.0
2019-12-02 11:02:51.206,98.57,9.0
2019-12-02 11:02:53.775,98.57,2.0
2019-12-02 11:02:53.817,98.57,2.0
2019-12-02 11:02:53.857,,5.0
2019-12-02 11:11:37.057,98.57,8.0
2019-12-02 11:11:37.057,98.57,10.0
2019-12-02 11:11:37.067,98.57,3.0
2019-12-02 11:11:37.075,98.57,1.0
2019-12-02 11:11:37.075,98.57,4.0
2019-12-02 11:11:37.077,98.57,2.0
2019-12-02 11:11:37.077,98.57,2.0
2019-12-02 11:11:37.087,98.57,1.0
2019-12-02 11:11:37.087,98.57,1.0
2019-12-02 11:11:37.095,98.57,3.0
2019-12-02 11:11:37.109,98.57,3.0
2019-12-02 11:11:37.219,98.57,10.0
2019-12-02 11:11:40.137,98.57,52.0
2019-12-02 11:11:43.577,98.57,2.0
2019-12-02 11:11:43.587,98.57,7.0
2019-12-02 11:11:43.597,98.57,2.0
2019-12-02 11:12:07.486,98.57,10.0
2019-12-02 11:12:07.506,98.57,13.0
2019-12-02 11:13:03.722,,6.0
2019-12-02 11:17:40.993,98.57,27.0
2019-12-02 11:26:55.638,98.57,3.0
2019-12-02 11:33:45.892,98.57,5.0
2019-12-02 11:35:05.019,,1.0
2019-12-02 11:37:45.960,98.57,2.0
2019-12-02 11:44:55.388,98.57,365.0
2019-12-02 11:44:55.438,98.57,10.0
2019-12-02 11:51:10.228,,3.0
2019-12-02 11:55:22.027,98.57,5.0
2019-12-02 11:56:09.722,98.57,65.0
2019-12-02 11:56:09.782,98.57,50.0
2019-12-02 11:56:20.932,98.57,5.0
2019-12-02 11:56:51.292,98.57,17.0
2019-12-02 11:56:51.300,98.57,14.0
2019-12-02 11:56:51.300,98.57,12.0
2019-12-02 11:56:51.300,98.57,55.0
2019-12-02 11:56:53.872,98.57,48.0
2019-12-02 11:57:12.232,98.57,6.0
2019-12-02 12:35:11.939,98.57,3.0
2019-12-02 12:35:12.006,98.57,4.0
2019-12-02 12:35:12.016,98.57,4.0
2019-12-02 12:35:12.036,98.57,6.0
2019-12-02 12:35:12.076,98.57,20.0
2019-12-02 12:35:12.144,98.57,3.0
2019-12-02 12:35:23.306,98.57,6.0
2019-12-02 12:35:23.326,98.57,10.0
2019-12-02 12:35:28.915,98.57,4.0
2019-12-02 12:35:28.935,98.57,28.0
2019-12-02 12:35:28.935,98.57,10.0
2019-12-02 12:35:28.966,98.57,10.0
2019-12-02 12:35:28.974,98.57,4.0
2019-12-02 12:35:29.046,,2.0
2019-12-02 12:42:58.781,98.57,5.0
2019-12-02 12:51:42.390,,1.0
2019-12-02 12:51:42.400,,29.0
2019-12-02 12:53:05.295,98.565,1032.0
2019-12-02 12:53:05.323,98.565,22.0
2019-12-02 12:53:05.403,98.565,128.0
2019-12-02 12:53:05.473,98.565,31.0
2019-12-02 12:54:19.071,98.565,1.0
2019-12-02 12:54:19.179,98.565,5.0
2019-12-02 12:58:08.518,98.565,5.0
2019-12-02 12:58:08.518,98.565,6.0
2019-12-02 12:58:08.658,98.565,2.0
2019-12-02 12:58:08.668,98.565,2.0
2019-12-02 12:58:08.678,98.565,8.0
2019-12-02 12:58:08.746,98.565,1.0
2019-12-02 12:58:08.748,98.565,1.0
2019-12-02 12:58:08.776,98.565,20.0
2019-12-02 12:58:08.778,98.565,18.0
2019-12-02 12:58:08.788,98.565,58.0
2019-12-02 12:58:08.788,,3.0
2019-12-02 12:58:08.886,98.565,1.0
2019-12-02 12:58:08.886,98.565,3.0
2019-12-02 12:58:08.886,98.565,2.0
2019-12-02 12:58:08.998,98.565,46.0
2019-12-02 12:58:09.018,98.565,65.0
2019-12-02 12:58:09.038,98.565,11.0
2019-12-02 12:58:09.046,98.565,41.0
2019-12-02 12:58:16.267,98.565,24.0
2019-12-02 12:58:18.107,98.565,1.0
2019-12-02 12:58:18.117,98.565,1.0
2019-12-02 12:58:18.117,98.565,5.0
2019-12-02 12:58:29.997,98.565,26.0
2019-12-02 12:58:29.997,98.565,25.0
2019-12-02 12:58:30.007,98.565,6.0
2019-12-02 12:58:34.890,98.565,2.0
2019-12-02 12:58:34.910,98.565,3.0
2019-12-02 12:58:43.867,98.565,5.0
2019-12-02 12:58:43.869,98.565,4.0
2019-12-02 12:58:43.869,98.565,5.0
2019-12-02 12:58:43.877,98.565,11.0
2019-12-02 12:58:43.877,98.565,10.0
2019-12-02 12:58:43.887,98.565,5.0
2019-12-02 12:58:43.889,98.565,4.0
2019-12-02 12:58:43.889,98.565,1.0
2019-12-02 12:58:43.889,98.565,9.0
2019-12-02 12:58:43.897,98.565,1.0
2019-12-02 12:58:43.897,98.565,4.0
2019-12-02 12:58:43.899,98.565,1.0
2019-12-02 12:58:43.909,98.565,1.0
2019-12-02 12:58:43.917,98.565,1.0
2019-12-02 12:58:43.917,98.565,1.0
2019-12-02 12:58:43.917,98.565,1.0
2019-12-02 12:58:43.929,98.565,8.0
2019-12-02 12:58:43.929,98.565,6.0
2019-12-02 12:58:43.937,98.565,6.0
2019-12-02 12:58:43.937,98.565,2.0
2019-12-02 12:58:43.949,98.565,2.0
2019-12-02 12:58:43.957,98.565,18.0
2019-12-02 12:58:44.027,98.565,3.0
2019-12-02 12:58:44.039,98.565,3.0
2019-12-02 12:58:44.069,98.565,14.0
2019-12-02 12:58:44.079,98.565,6.0
2019-12-02 12:58:44.107,98.565,29.0
2019-12-02 12:58:44.119,98.565,48.0
2019-12-02 12:58:44.119,98.565,10.0
2019-12-02 12:58:44.159,98.565,1.0
2019-12-02 12:58:44.169,98.565,10.0
2019-12-02 12:58:44.191,98.565,5.0
2019-12-02 12:58:44.209,98.565,3.0
2019-12-02 12:58:44.219,,2.0
2019-12-02 12:58:44.241,,2.0
2019-12-02 12:58:44.269,98.565,10.0
2019-12-02 12:58:49.599,98.565,1.0
2019-12-02 12:58:49.599,98.565,2.0
2019-12-02 12:58:49.599,98.565,1.0
2019-12-02 12:58:49.607,98.565,4.0
2019-12-02 12:58:49.607,98.565,4.0
2019-12-02 12:58:49.617,98.565,1.0
2019-12-02 12:58:49.617,98.565,1.0
2019-12-02 12:58:49.619,98.565,5.0
2019-12-02 12:58:49.627,98.565,4.0
2019-12-02 12:58:49.969,98.565,1.0
2019-12-02 12:58:49.977,98.565,6.0
2019-12-02 12:58:49.979,98.565,3.0
2019-12-02 12:58:49.987,98.565,3.0
2019-12-02 12:58:49.987,98.565,6.0
2019-12-02 12:58:49.989,98.565,12.0
2019-12-02 12:58:50.448,98.565,24.0
2019-12-02 12:58:50.459,98.565,19.0
2019-12-02 12:58:50.467,98.565,2.0
2019-12-02 12:58:50.789,98.565,20.0
2019-12-02 12:58:50.789,98.565,4.0
2019-12-02 12:58:51.039,98.565,4.0
2019-12-02 12:58:51.218,98.565,20.0
2019-12-02 12:58:51.799,98.565,100.0
2019-12-02 12:58:56.219,98.565,1.0
2019-12-02 12:58:56.959,98.565,58.0
2019-12-02 12:58:58.017,98.565,16.0
2019-12-02 12:58:58.117,98.565,26.0
2019-12-02 12:59:10.776,98.565,6.0
2019-12-02 12:59:54.045,98.565,7.0
2019-12-02 12:59:54.065,98.565,2.0
2019-12-02 12:59:54.065,98.565,10.0
2019-12-02 12:59:55.045,98.565,7.0
2019-12-02 12:59:55.147,98.565,10.0
2019-12-02 12:59:59.985,98.565,26.0
2019-12-02 13:00:00.065,98.565,11.0
2019-12-02 13:00:00.094,98.565,3.0
2019-12-02 13:00:00.106,98.565,1.0
2019-12-02 13:00:00.115,98.565,2.0
2019-12-02 13:00:00.125,98.565,1.0
2019-12-02 13:00:00.125,98.565,1.0
2019-12-02 13:00:00.206,98.565,10.0
2019-12-02 13:00:00.595,98.565,2.0
2019-12-02 13:00:00.604,98.565,2.0
2019-12-02 13:00:00.696,98.565,23.0
2019-12-02 13:00:00.696,98.565,2.0
2019-12-02 13:00:01.066,98.565,3.0
2019-12-02 13:00:01.776,98.565,1.0
2019-12-02 13:00:01.776,98.565,1.0
2019-12-02 13:00:01.784,,2.0
2019-12-02 13:00:01.785,98.565,2.0
2019-12-02 13:00:01.794,98.565,2.0
2019-12-02 13:00:01.794,98.565,2.0
2019-12-02 13:00:01.795,98.565,3.0
2019-12-02 13:00:01.804,,4.0
2019-12-02 13:00:01.804,98.565,3.0
2019-12-02 13:00:01.804,,4.0
2019-12-02 13:00:01.804,,4.0
2019-12-02 13:00:01.804,98.565,2.0
2019-12-02 13:00:01.806,,2.0
2019-12-02 13:00:01.806,98.565,1.0
2019-12-02 13:00:01.814,,2.0
2019-12-02 13:00:01.814,98.565,1.0
2019-12-02 13:00:01.815,,2.0
2019-12-02 13:00:01.815,98.565,1.0
2019-12-02 13:00:01.824,98.565,10.0
2019-12-02 13:00:01.825,98.565,1.0
2019-12-02 13:00:01.834,,2.0
2019-12-02 13:00:01.834,98.565,1.0
2019-12-02 13:00:01.855,98.565,6.0
2019-12-02 13:00:01.865,98.565,6.0
2019-12-02 13:00:01.876,98.565,10.0
2019-12-02 13:00:01.876,98.565,6.0
2019-12-02 13:00:02.459,98.565,32.0
2019-12-02 13:00:02.485,,2.0
2019-12-02 13:00:02.486,98.565,1.0
2019-12-02 13:00:02.486,,2.0
2019-12-02 13:00:02.486,,2.0
2019-12-02 13:00:02.497,,2.0
2019-12-02 13:00:02.669,98.565,2.0
2019-12-02 13:00:03.456,98.565,1.0
2019-12-02 13:00:24.747,98.565,1.0
2019-12-02 13:00:37.537,98.565,4.0
2019-12-02 13:00:43.527,98.565,1.0
2019-12-02 13:00:59.038,98.565,1.0
2019-12-02 13:01:00.028,98.565,2.0
2019-12-02 13:01:00.999,98.565,3.0
2019-12-02 13:01:01.009,98.565,1.0
2019-12-02 13:01:01.639,98.565,30.0
2019-12-02 13:01:07.598,98.565,1.0
2019-12-02 13:01:10.208,98.565,2.0
2019-12-02 13:01:10.227,98.565,2.0
2019-12-02 13:01:10.247,98.565,1.0
2019-12-02 13:01:10.248,98.565,136.0
2019-12-02 13:08:17.231,98.57,5.0
2019-12-02 13:15:43.059,98.57,1.0
2019-12-02 13:15:43.139,98.57,1.0
2019-12-02 13:15:49.972,98.57,4.0
2019-12-02 13:15:49.980,98.57,2.0
2019-12-02 13:15:49.980,98.57,1.0
2019-12-02 13:15:49.982,98.57,2.0
2019-12-02 13:15:49.992,98.57,2.0
2019-12-02 13:15:49.992,98.57,1.0
2019-12-02 13:15:49.992,98.57,1.0
2019-12-02 13:15:49.992,98.57,2.0
2019-12-02 13:15:50.022,98.57,1.0
2019-12-02 13:15:50.032,98.57,1.0
2019-12-02 13:15:50.032,98.57,2.0
2019-12-02 13:15:50.061,98.57,2.0
2019-12-02 13:15:50.061,98.57,5.0
2019-12-02 13:15:50.070,98.57,2.0
2019-12-02 13:15:50.070,98.57,2.0
2019-12-02 13:15:50.080,98.57,4.0
2019-12-02 13:15:50.082,98.57,1.0
2019-12-02 13:15:50.082,98.57,4.0
2019-12-02 13:15:50.082,98.57,9.0
2019-12-02 13:15:50.102,98.57,7.0
2019-12-02 13:22:40.386,98.57,9.0
2019-12-02 13:25:25.419,98.57,1.0
2019-12-02 13:25:54.671,98.57,2.0
2019-12-02 13:26:02.552,98.57,7.0
2019-12-02 13:26:34.455,98.57,10.0
2019-12-02 13:27:37.187,98.57,1.0
2019-12-02 13:30:02.614,,15.0
2019-12-02 13:30:02.622,,10.0
2019-12-02 13:30:02.622,,10.0
2019-12-02 13:30:02.622,,50.0
2019-12-02 13:30:02.622,,50.0
2019-12-02 13:30:02.622,,10.0
2019-12-02 13:30:02.622,,5.0
2019-12-02 13:30:04.174,,12.0
2019-12-02 13:30:04.194,,1.0
2019-12-02 13:30:04.194,,87.0
2019-12-02 13:30:18.044,,2.0
2019-12-02 13:30:18.064,,38.0
2019-12-02 13:31:18.311,,20.0
2019-12-02 13:34:38.333,98.57,10.0
2019-12-02 13:40:59.810,98.57,22.0
2019-12-02 13:42:34.324,,20.0
2019-12-02 13:42:34.334,,62.0
2019-12-02 13:43:20.911,,1.0
2019-12-02 13:43:20.921,,40.0
2019-12-02 13:43:20.921,,1.0
2019-12-02 13:43:26.950,,1.0
2019-12-02 13:43:34.820,,2.0
2019-12-02 13:43:44.749,,1.0
2019-12-02 13:43:46.039,,4.0
2019-12-02 13:49:31.591,,1.0
2019-12-02 13:51:02.227,98.565,5.0
2019-12-02 13:51:11.586,98.565,2.0
2019-12-02 13:53:56.216,98.565,14.0
2019-12-02 13:53:56.216,,1.0
2019-12-02 13:53:56.614,98.565,13.0
2019-12-02 13:53:56.615,,1.0
2019-12-02 13:53:56.664,98.565,11.0
2019-12-02 13:53:56.666,,1.0
2019-12-02 13:53:56.686,98.565,9.0
2019-12-02 13:53:56.686,,1.0
2019-12-02 13:53:56.996,98.565,7.0
2019-12-02 13:53:56.996,,1.0
2019-12-02 13:53:57.126,98.565,4.0
2019-12-02 13:53:57.224,98.565,2.0
2019-12-02 13:53:57.236,98.565,10.0
2019-12-02 13:53:57.236,,2.0
2019-12-02 13:53:57.606,98.565,10.0
2019-12-02 13:53:57.606,,2.0
2019-12-02 13:54:01.204,98.565,51.0
2019-12-02 13:54:01.204,,51.0
2019-12-02 13:54:01.264,98.565,24.0
2019-12-02 13:54:01.264,,24.0
2019-12-02 13:54:01.264,98.565,6.0
2019-12-02 13:54:01.266,,6.0
2019-12-02 13:54:01.284,98.565,50.0
2019-12-02 13:54:01.316,98.565,10.0
2019-12-02 13:54:01.354,98.565,10.0
2019-12-02 13:54:03.405,,2.0
2019-12-02 13:54:04.226,,2.0
2019-12-02 13:54:11.354,,6.0
2019-12-02 13:54:11.374,,2.0
2019-12-02 13:54:11.374,,4.0
2019-12-02 13:54:21.533,98.565,14.0
2019-12-02 13:54:21.543,98.565,10.0
2019-12-02 13:58:06.836,98.565,30.0
2019-12-02 13:58:06.866,98.565,18.0
2019-12-02 14:11:50.669,98.565,11.0
2019-12-02 14:11:50.688,98.565,6.0
2019-12-02 14:11:50.709,98.565,6.0
2019-12-02 14:11:50.737,98.565,6.0
2019-12-02 14:12:04.716,98.565,10.0
2019-12-02 14:12:18.238,98.565,7.0
2019-12-02 14:12:24.168,98.565,4.0
2019-12-02 14:13:20.770,98.565,6.0
2019-12-02 14:15:07.192,98.565,10.0
2019-12-02 14:17:58.743,98.565,1.0
2019-12-02 14:17:58.754,98.565,1.0
2019-12-02 14:17:58.754,98.565,8.0
2019-12-02 14:18:24.530,98.565,3.0
2019-12-02 14:18:24.550,98.565,50.0
2019-12-02 14:18:33.221,98.565,10.0
2019-12-02 14:19:28.400,98.565,74.0
2019-12-02 14:19:28.608,98.565,10.0
2019-12-02 14:19:28.608,98.565,10.0
2019-12-02 14:19:41.088,98.565,13.0
2019-12-02 14:19:41.218,98.565,10.0
2019-12-02 14:20:17.866,98.565,10.0
2019-12-02 14:21:25.664,98.565,148.0
2019-12-02 14:21:25.704,98.565,7.0
2019-12-02 14:21:25.714,98.565,2.0
2019-12-02 14:21:25.784,98.565,133.0
2019-12-02 14:24:15.782,98.565,6.0
2019-12-02 14:26:17.420,98.565,15.0
2019-12-02 14:30:14.519,98.565,41.0
2019-12-02 14:30:48.669,98.565,1.0
2019-12-02 14:30:48.699,98.565,258.0
2019-12-02 14:31:31.060,98.565,10.0
2019-12-02 14:32:14.057,98.565,9.0
2019-12-02 14:32:14.073,98.565,1.0
2019-12-02 14:32:14.073,98.565,1.0
2019-12-02 14:32:14.073,98.565,43.0
2019-12-02 14:32:14.085,98.565,1.0
2019-12-02 14:32:14.085,98.565,1.0
2019-12-02 14:32:14.097,98.565,2.0
2019-12-02 14:32:14.097,98.565,2.0
2019-12-02 14:32:14.105,98.565,1.0
2019-12-02 14:32:14.105,98.565,1.0
2019-12-02 14:32:14.127,98.565,88.0
2019-12-02 14:32:14.177,,2.0
2019-12-02 14:32:14.177,,2.0
2019-12-02 14:32:16.917,,2.0
2019-12-02 14:32:17.717,98.565,10.0
2019-12-02 14:32:18.028,,2.0
2019-12-02 14:34:45.294,98.565,10.0
2019-12-02 14:34:48.266,,2.0
2019-12-02 14:34:52.657,,2.0
2019-12-02 14:35:29.930,98.565,14.0
2019-12-02 14:35:29.960,98.565,10.0
2019-12-02 14:35:29.960,98.565,24.0
2019-12-02 14:35:29.972,,4.0
2019-12-02 14:35:32.957,,2.0
2019-12-02 14:35:42.752,,2.0
2019-12-02 14:35:45.752,,2.0
2019-12-02 14:35:45.765,,2.0
2019-12-02 14:38:39.181,,4.0
2019-12-02 14:38:40.281,,2.0
2019-12-02 14:38:41.883,,2.0
2019-12-02 14:38:52.464,98.57,86.0
2019-12-02 14:39:54.552,98.57,2.0
2019-12-02 14:39:58.249,98.57,1.0
2019-12-02 14:40:15.047,98.57,34.0
2019-12-02 14:40:15.099,98.57,20.0
2019-12-02 14:40:15.359,98.57,22.0
2019-12-02 14:40:23.992,98.57,26.0
2019-12-02 14:40:24.002,98.57,2.0
2019-12-02 14:40:24.018,98.57,20.0
2019-12-02 14:40:53.402,98.57,1.0
2019-12-02 14:42:42.747,,2.0
2019-12-02 14:42:49.237,98.565,150.0
2019-12-02 14:42:49.277,,2.0
2019-12-02 14:42:49.277,,6.0
2019-12-02 14:44:00.465,,2.0
2019-12-02 14:45:25.230,,30.0
2019-12-02 14:46:32.998,98.565,14.0
2019-12-02 14:47:50.082,98.565,1.0
2019-12-02 14:47:52.581,98.565,10.0
2019-12-02 14:47:52.599,98.565,8.0
2019-12-02 14:47:52.609,98.565,12.0
2019-12-02 14:48:07.399,98.565,19.0
2019-12-02 14:48:07.399,98.565,1.0
2019-12-02 14:48:07.409,98.565,1.0
2019-12-02 14:48:47.941,,2.0
2019-12-02 14:48:48.083,98.565,2.0
2019-12-02 14:48:48.091,,2.0
2019-12-02 14:48:49.189,,2.0
2019-12-02 14:48:49.852,,2.0
2019-12-02 14:48:49.942,,2.0
2019-12-02 14:48:58.903,,2.0
2019-12-02 14:49:31.170,98.565,8.0
2019-12-02 14:49:43.233,98.565,10.0
2019-12-02 14:50:53.438,98.565,2.0
2019-12-02 14:50:59.272,,4.0
2019-12-02 14:50:59.620,,4.0
2019-12-02 14:50:59.620,,2.0
2019-12-02 14:50:59.630,,2.0
2019-12-02 14:50:59.650,,2.0
2019-12-02 14:52:20.181,98.565,10.0
2019-12-02 14:52:54.682,98.565,2.0
2019-12-02 14:52:54.682,98.565,1.0
2019-12-02 14:53:59.701,98.565,1.0
2019-12-02 14:53:59.711,98.565,6.0
2019-12-02 14:54:01.169,98.565,1.0
2019-12-02 14:54:03.291,98.565,1.0
2019-12-02 14:54:03.301,98.565,1.0
2019-12-02 14:54:23.363,98.565,1.0
2019-12-02 14:54:45.088,,6.0
2019-12-02 14:54:49.488,98.565,10.0
2019-12-02 14:54:55.248,,10.0
2019-12-02 14:54:55.270,,64.0
2019-12-02 14:54:56.458,,10.0
2019-12-02 14:55:59.269,98.565,60.0
2019-12-02 14:57:13.227,98.565,60.0
2019-12-02 14:57:16.010,98.565,182.0
2019-12-02 14:57:16.068,98.565,23.0
2019-12-02 14:57:16.068,98.565,1.0
2019-12-02 14:57:17.630,98.565,3.0
2019-12-02 14:57:33.491,98.565,1.0
2019-12-02 14:57:33.499,98.565,78.0
2019-12-02 14:57:33.519,98.565,10.0
2019-12-02 14:57:33.539,98.565,52.0
2019-12-02 14:57:33.561,98.565,1.0
2019-12-02 14:57:33.591,98.565,10.0
2019-12-02 14:57:37.131,98.565,30.0
2019-12-02 14:57:37.139,98.565,9.0
2019-12-02 14:57:51.260,98.565,7.0
2019-12-02 14:57:51.270,98.565,1.0
2019-12-02 14:58:27.809,98.565,8.0
2019-12-02 14:58:27.847,98.565,22.0
2019-12-02 14:59:30.057,98.565,1.0
2019-12-02 14:59:30.081,98.565,47.0
2019-12-02 14:59:30.091,98.565,2.0
2019-12-02 15:00:00.150,98.57,10.0
2019-12-02 15:00:00.181,98.575,15.0
2019-12-02 15:00:00.181,98.57,10.0
2019-12-02 15:00:00.219,98.575,11.0
2019-12-02 15:00:00.313,,2.0
2019-12-02 15:00:00.313,,1.0
2019-12-02 15:00:00.318,98.575,10.0
2019-12-02 15:00:00.401,,1.0
2019-12-02 15:00:00.496,98.59,3.0
2019-12-02 15:00:00.496,98.585,9.0
2019-12-02 15:00:00.498,,2.0
2019-12-02 15:00:00.518,98.58,1.0
2019-12-02 15:00:00.528,98.58,2.0
2019-12-02 15:00:00.528,98.575,4.0
2019-12-02 15:00:00.561,,38.0
2019-12-02 15:00:00.608,98.575,6.0
2019-12-02 15:00:00.626,,1.0
2019-12-02 15:00:00.675,98.575,1.0
2019-12-02 15:00:00.675,98.575,1.0
2019-12-02 15:00:00.709,98.575,7.0
2019-12-02 15:00:00.749,,4.0
2019-12-02 15:00:00.749,,2.0
2019-12-02 15:00:00.797,,6.0
2019-12-02 15:00:00.797,,2.0
2019-12-02 15:00:02.064,,4.0
2019-12-02 15:00:02.956,,2.0
2019-12-02 15:00:03.424,98.58,10.0
2019-12-02 15:00:04.536,98.58,6.0
2019-12-02 15:00:04.548,98.58,30.0
2019-12-02 15:00:07.835,,11.0
2019-12-02 15:00:10.829,98.58,1.0
2019-12-02 15:00:10.839,98.58,1.0
2019-12-02 15:00:13.877,98.58,6.0
2019-12-02 15:00:14.590,98.58,2.0
2019-12-02 15:00:14.850,98.58,1.0
2019-12-02 15:00:15.969,98.58,1.0
2019-12-02 15:00:16.908,,1.0
2019-12-02 15:00:16.920,,3.0
2019-12-02 15:00:16.930,,1.0
2019-12-02 15:00:20.625,98.585,12.0
2019-12-02 15:00:20.639,98.585,10.0
2019-12-02 15:00:21.838,,2.0
2019-12-02 15:00:21.898,,12.0
2019-12-02 15:00:21.905,,2.0
2019-12-02 15:00:21.905,,3.0
2019-12-02 15:00:21.976,,1.0
2019-12-02 15:00:22.028,,1.0
2019-12-02 15:00:24.108,98.585,13.0
2019-12-02 15:00:27.400,98.585,25.0
2019-12-02 15:00:38.937,98.585,1.0
2019-12-02 15:00:41.699,98.585,285.0
2019-12-02 15:00:41.759,98.585,8.0
2019-12-02 15:00:43.425,98.585,1.0
2019-12-02 15:00:45.297,98.585,34.0
2019-12-02 15:00:45.315,98.585,108.0
2019-12-02 15:00:45.327,98.585,4.0
2019-12-02 15:00:45.348,98.585,8.0
2019-12-02 15:00:47.150,98.585,4.0
2019-12-02 15:00:50.019,98.585,1.0
2019-12-02 15:00:52.819,98.585,150.0
2019-12-02 15:01:00.721,98.585,198.0
2019-12-02 15:01:00.721,98.585,3.0
2019-12-02 15:01:06.698,98.585,122.0
2019-12-02 15:01:06.720,98.585,10.0
2019-12-02 15:01:07.278,98.585,57.0
2019-12-02 15:01:07.338,98.585,13.0
2019-12-02 15:01:07.346,98.585,10.0
2019-12-02 15:01:27.891,,4.0
2019-12-02 15:01:27.899,,2.0
2019-12-02 15:01:27.910,,2.0
2019-12-02 15:01:30.700,,2.0
2019-12-02 15:01:31.290,,2.0
2019-12-02 15:01:33.380,98.585,8.0
2019-12-02 15:01:33.400,98.585,29.0
2019-12-02 15:01:33.416,98.585,148.0
2019-12-02 15:01:46.510,98.58,17.0
2019-12-02 15:01:46.520,98.58,10.0
2019-12-02 15:01:47.076,98.58,5.0
2019-12-02 15:01:47.088,98.58,1.0
2019-12-02 15:03:17.670,98.58,10.0
2019-12-02 15:03:17.710,98.58,7.0
2019-12-02 15:03:17.720,98.58,1.0
2019-12-02 15:03:17.720,98.58,2.0
2019-12-02 15:03:17.728,98.58,5.0
2019-12-02 15:03:33.966,98.58,3.0
2019-12-02 15:03:33.966,98.58,8.0
2019-12-02 15:03:34.016,98.58,9.0
2019-12-02 15:03:34.026,98.58,10.0
2019-12-02 15:03:34.166,98.58,6.0
2019-12-02 15:03:34.174,98.58,4.0
2019-12-02 15:03:34.268,98.58,1.0
2019-12-02 15:03:34.268,98.58,10.0
2019-12-02 15:03:35.908,98.58,19.0
2019-12-02 15:03:35.908,98.58,1.0
2019-12-02 15:03:35.908,98.58,2.0
2019-12-02 15:03:35.928,98.58,3.0
2019-12-02 15:03:36.019,98.58,2.0
2019-12-02 15:04:32.707,98.58,1.0
2019-12-02 15:04:32.745,98.58,1.0
2019-12-02 15:04:32.745,98.58,81.0
2019-12-02 15:04:32.747,98.58,1.0
2019-12-02 15:04:32.755,98.58,1.0
2019-12-02 15:04:32.765,98.58,23.0
2019-12-02 15:04:35.569,98.58,4.0
2019-12-02 15:04:35.569,,4.0
2019-12-02 15:04:35.577,,196.0
2019-12-02 15:04:35.627,98.58,1.0
2019-12-02 15:04:40.406,98.58,25.0
2019-12-02 15:05:04.016,98.585,14.0
2019-12-02 15:06:39.895,,6.0
2019-12-02 15:06:40.868,,19.0
2019-12-02 15:08:12.480,98.58,1.0
2019-12-02 15:08:12.510,98.58,6.0
2019-12-02 15:08:12.520,98.58,2.0
2019-12-02 15:08:12.530,98.58,1.0
2019-12-02 15:08:12.570,98.58,1.0
2019-12-02 15:08:12.618,98.58,1.0
2019-12-02 15:08:27.424,98.58,12.0
2019-12-02 15:10:02.297,,1.0
2019-12-02 15:10:02.297,,1.0
2019-12-02 15:10:02.905,,1.0
2019-12-02 15:10:03.897,,1.0
2019-12-02 15:10:04.736,98.58,5.0
2019-12-02 15:10:04.744,98.58,5.0
2019-12-02 15:10:04.758,,2.0
2019-12-02 15:10:05.295,,1.0
2019-12-02 15:10:05.424,,1.0
2019-12-02 15:10:06.048,,2.0
2019-12-02 15:10:56.025,,3.0
2019-12-02 15:12:14.873,98.58,1000.0
2019-12-02 15:12:15.230,,1.0
2019-12-02 15:12:16.574,98.58,1.0
2019-12-02 15:14:08.778,98.575,2.0
2019-12-02 15:14:08.969,98.575,13.0
2019-12-02 15:14:12.841,98.575,10.0
2019-12-02 15:14:15.892,98.575,5.0
2019-12-02 15:15:43.562,98.575,5.0
2019-12-02 15:16:21.935,,1.0
2019-12-02 15:16:25.402,98.575,13.0
2019-12-02 15:16:25.624,98.575,10.0
2019-12-02 15:16:28.047,98.575,1.0
2019-12-02 15:17:18.151,98.575,2.0
2019-12-02 15:17:18.473,98.575,2.0
2019-12-02 15:17:18.743,98.575,17.0
2019-12-02 15:23:08.634,98.575,2.0
2019-12-02 15:23:08.634,98.575,5.0
2019-12-02 15:23:08.636,98.575,9.0
2019-12-02 15:25:31.621,98.575,21.0
2019-12-02 15:25:31.647,98.575,3.0
2019-12-02 15:25:31.649,98.575,27.0
2019-12-02 15:25:31.681,98.575,2.0
2019-12-02 15:26:38.513,98.575,15.0
2019-12-02 15:27:32.419,98.575,50.0
2019-12-02 15:29:45.090,98.57,25.0
2019-12-02 15:30:07.032,98.575,2.0
2019-12-02 15:30:07.122,98.575,29.0
2019-12-02 15:30:52.747,98.575,30.0
2019-12-02 15:31:37.245,98.575,10.0
2019-12-02 15:31:37.277,98.575,2.0
2019-12-02 15:31:37.287,98.575,4.0
2019-12-02 15:35:25.135,98.58,39.0
2019-12-02 15:35:28.480,98.585,10.0
2019-12-02 15:35:29.146,98.585,2.0
2019-12-02 15:35:29.340,98.585,11.0
2019-12-02 15:35:29.340,98.585,11.0
2019-12-02 15:35:29.340,98.585,9.0
2019-12-02 15:35:29.340,98.585,7.0
2019-12-02 15:35:30.011,98.585,31.0
2019-12-02 15:35:30.060,98.585,4.0
2019-12-02 15:35:30.068,98.585,2.0
2019-12-02 15:35:30.090,98.585,1.0
2019-12-02 15:35:30.120,98.585,46.0
2019-12-02 15:35:31.187,98.585,70.0
2019-12-02 15:35:33.162,,30.0
2019-12-02 15:35:33.941,98.585,2.0
2019-12-02 15:35:35.941,,2.0
2019-12-02 15:35:35.941,,2.0
2019-12-02 15:35:35.977,,6.0
2019-12-02 15:35:36.121,,12110.0
2019-12-02 15:35:36.231,98.585,1.0
2019-12-02 15:35:36.331,98.585,1.0
2019-12-02 15:35:36.391,98.585,1.0
2019-12-02 15:35:36.391,98.585,1.0
2019-12-02 15:35:36.401,98.585,1.0
2019-12-02 15:35:36.401,98.585,1.0
2019-12-02 15:35:36.901,,2.0
2019-12-02 15:35:37.461,,26.0
2019-12-02 15:35:37.761,,4.0
2019-12-02 15:35:40.947,98.585,4.0
2019-12-02 15:35:40.969,98.585,10.0
2019-12-02 15:35:41.149,98.585,10.0
2019-12-02 15:35:41.761,98.585,3.0
2019-12-02 15:35:41.769,98.585,1.0
2019-12-02 15:35:41.877,98.585,1.0
2019-12-02 15:35:42.289,,30.0
2019-12-02 15:35:45.239,98.585,10.0
2019-12-02 15:35:50.573,98.585,23.0
2019-12-02 15:36:07.888,98.585,3.0
2019-12-02 15:36:11.732,98.58,4.0
2019-12-02 15:36:41.228,98.58,1.0
2019-12-02 15:36:41.241,98.58,15.0
2019-12-02 15:38:24.592,98.58,1.0
2019-12-02 15:38:24.602,98.58,4.0
2019-12-02 15:38:24.624,98.58,3.0
2019-12-02 15:40:03.696,98.58,29.0
2019-12-02 15:40:03.785,98.58,31.0
2019-12-02 15:40:58.468,98.58,10.0
2019-12-02 15:42:29.557,98.575,4.0
2019-12-02 15:42:29.559,98.575,9.0
2019-12-02 15:42:29.621,98.575,1.0
2019-12-02 15:42:29.629,98.575,1.0
2019-12-02 15:42:29.709,98.575,2.0
2019-12-02 15:42:29.709,98.575,4.0
2019-12-02 15:42:29.709,98.575,2.0
2019-12-02 15:42:29.717,98.575,7.0
2019-12-02 15:42:29.729,98.575,2.0
2019-12-02 15:42:29.757,98.575,22.0
2019-12-02 15:42:29.759,98.575,1.0
2019-12-02 15:42:29.759,98.575,9.0
2019-12-02 15:42:29.759,98.575,18.0
2019-12-02 15:42:29.759,98.575,3.0
2019-12-02 15:42:29.767,98.575,3.0
2019-12-02 15:42:29.767,98.575,14.0
2019-12-02 15:42:29.799,98.575,10.0
2019-12-02 15:42:29.879,98.575,2.0
2019-12-02 15:42:30.479,98.575,10.0
2019-12-02 15:42:30.499,98.575,5.0
2019-12-02 15:42:39.450,98.575,29.0
2019-12-02 15:42:39.460,98.575,21.0
2019-12-02 15:42:39.460,98.575,23.0
2019-12-02 15:42:41.579,98.575,10.0
2019-12-02 15:42:41.590,98.575,16.0
2019-12-02 15:42:41.783,,1.0
2019-12-02 15:42:41.803,98.575,1.0
2019-12-02 15:46:18.077,,2.0
2019-12-02 15:46:18.185,,1.0
2019-12-02 15:46:18.193,,9.0
2019-12-02 15:46:20.472,98.575,10.0
2019-12-02 15:46:20.662,98.575,6.0
2019-12-02 15:46:46.798,98.575,2.0
2019-12-02 15:49:04.305,98.58,3.0
2019-12-02 15:49:04.319,98.58,17.0
2019-12-02 15:49:04.319,98.58,4.0
2019-12-02 15:49:04.319,98.58,3.0
2019-12-02 15:49:04.329,98.58,3.0
2019-12-02 15:49:04.329,98.58,4.0
2019-12-02 15:49:42.832,98.58,2.0
2019-12-02 15:49:52.087,98.58,1.0
2019-12-02 15:51:28.878,98.58,1.0
2019-12-02 15:51:30.018,98.58,1.0
2019-12-02 15:51:31.488,98.58,1.0
2019-12-02 15:51:31.508,98.58,1.0
2019-12-02 15:51:38.461,98.58,3.0
2019-12-02 15:56:45.780,98.58,20.0
2019-12-02 15:58:20.290,98.58,10.0
2019-12-02 15:58:39.608,98.58,6.0
2019-12-02 15:59:50.483,98.575,1.0
2019-12-02 16:00:00.035,98.58,10.0
2019-12-02 16:00:04.973,98.58,10.0
2019-12-02 16:02:44.030,98.58,10.0
2019-12-02 16:02:58.478,98.58,3.0
2019-12-02 16:03:29.040,98.58,10.0
2019-12-02 16:04:21.531,98.58,5.0
2019-12-02 16:04:21.561,98.58,5.0
2019-12-02 16:04:59.361,98.58,10.0
2019-12-02 16:05:51.966,98.58,10.0
2019-12-02 16:06:13.723,98.58,10.0
2019-12-02 16:08:09.822,,15.0
2019-12-02 16:08:14.763,98.585,60.0
2019-12-02 16:08:21.163,98.585,5.0
2019-12-02 16:09:18.890,98.585,15.0
2019-12-02 16:10:43.144,98.585,10.0
2019-12-02 16:11:02.120,98.585,1.0
2019-12-02 16:12:16.299,98.585,109.0
2019-12-02 16:12:16.349,98.585,1.0
2019-12-02 16:12:45.692,98.585,37.0
2019-12-02 16:13:38.161,98.585,2.0
2019-12-02 16:13:38.180,98.585,1.0
2019-12-02 16:15:17.252,,1.0
2019-12-02 16:15:22.131,98.585,10.0
2019-12-02 16:17:28.057,98.585,10.0
2019-12-02 16:17:28.067,98.585,9.0
2019-12-02 16:23:13.201,98.585,1.0
2019-12-02 16:27:02.343,98.58,13.0
2019-12-02 16:30:41.271,98.585,5.0
2019-12-02 16:30:41.291,98.58,15.0
2019-12-02 16:34:29.678,98.58,5.0
2019-12-02 16:34:29.686,98.58,1.0
2019-12-02 16:48:55.362,,26.0
2019-12-02 16:49:03.969,,1.0
2019-12-02 16:51:39.134,,18.0
2019-12-02 16:55:37.733,,3.0
2019-12-02 16:56:55.133,98.58,6.0
2019-12-02 17:00:40.065,98.58,47.0
2019-12-02 17:00:45.117,98.58,2.0
2019-12-02 17:03:55.879,98.58,1.0
2019-12-02 17:05:31.833,98.58,2.0
2019-12-02 17:05:31.854,98.58,2.0
2019-12-02 17:09:23.534,98.58,1.0
2019-12-02 17:21:02.449,98.58,1.0
2019-12-02 17:21:02.459,98.58,2.0
2019-12-02 17:21:06.339,98.58,7.0
2019-12-02 17:23:50.088,98.58,3.0
2019-12-02 17:26:58.469,98.58,38.0
2019-12-02 17:26:58.479,98.58,11.0
2019-12-02 17:28:10.696,98.585,2.0
2019-12-02 17:28:10.696,98.585,1.0
2019-12-02 17:28:10.704,98.585,2.0
2019-12-02 17:28:10.716,98.585,1.0
