Date,VALUE,VOLUME
2019-11-14 02:38:08.334,98.615,2.0
2019-11-14 02:38:08.344,98.615,4.0
2019-11-14 02:38:08.344,98.615,2.0
2019-11-14 02:38:12.203,98.615,1.0
2019-11-14 02:38:12.213,98.615,2.0
2019-11-14 02:38:12.213,98.615,2.0
2019-11-14 02:38:12.443,98.615,1.0
2019-11-14 02:38:58.062,98.615,3.0
2019-11-14 03:07:07.877,98.615,2.0
2019-11-14 06:56:30.267,98.62,1.0
2019-11-14 06:56:40.137,98.62,1.0
2019-11-14 06:56:41.655,98.62,1.0
2019-11-14 07:54:12.452,98.62,17.0
2019-11-14 07:54:12.562,98.62,3.0
2019-11-14 07:54:12.701,98.62,6.0
2019-11-14 07:54:12.820,98.62,4.0
2019-11-14 07:54:12.820,98.62,23.0
2019-11-14 07:54:12.820,98.62,12.0
2019-11-14 07:54:12.820,98.62,7.0
2019-11-14 07:54:12.830,98.62,1.0
2019-11-14 07:54:12.830,98.62,34.0
2019-11-14 07:54:12.830,98.62,17.0
2019-11-14 07:54:12.830,98.62,12.0
2019-11-14 07:54:12.832,98.62,7.0
2019-11-14 07:54:12.832,98.62,2.0
2019-11-14 07:54:12.841,98.62,5.0
2019-11-14 07:54:13.461,98.62,6.0
2019-11-14 07:54:13.621,98.62,4.0
2019-11-14 07:54:13.722,98.62,6.0
2019-11-14 07:54:13.722,98.62,4.0
2019-11-14 07:54:13.722,98.62,5.0
2019-11-14 07:54:13.811,98.62,6.0
2019-11-14 07:54:22.511,98.62,4.0
2019-11-14 07:54:22.521,98.62,1.0
2019-11-14 07:54:22.521,98.62,1.0
2019-11-14 07:54:22.531,98.62,3.0
2019-11-14 07:54:22.531,98.62,6.0
2019-11-14 07:54:22.621,98.62,4.0
2019-11-14 07:54:22.621,98.62,5.0
2019-11-14 07:54:22.949,98.62,1.0
2019-11-14 07:54:22.949,98.62,15.0
2019-11-14 07:54:22.949,98.62,9.0
2019-11-14 07:54:22.959,98.62,10.0
2019-11-14 07:54:22.959,98.62,5.0
2019-11-14 07:54:22.959,98.62,5.0
2019-11-14 07:54:22.959,98.62,5.0
2019-11-14 07:54:22.960,98.62,5.0
2019-11-14 07:54:22.960,98.62,5.0
2019-11-14 07:54:22.960,98.62,5.0
2019-11-14 07:54:22.960,98.62,5.0
2019-11-14 07:54:58.739,98.62,76.0
2019-11-14 07:54:58.748,98.62,2.0
2019-11-14 07:54:58.758,98.62,4.0
2019-11-14 07:54:58.758,98.62,26.0
2019-11-14 07:54:58.758,98.62,22.0
2019-11-14 07:54:58.768,98.62,10.0
2019-11-14 07:54:58.768,98.62,9.0
2019-11-14 07:54:58.768,98.62,5.0
2019-11-14 07:54:58.768,98.62,3.0
2019-11-14 07:54:58.768,98.62,2.0
2019-11-14 07:54:58.848,98.62,1.0
2019-11-14 07:54:59.019,98.62,6.0
2019-11-14 07:54:59.118,98.62,4.0
2019-11-14 07:55:31.165,98.62,2.0
2019-11-14 07:56:25.550,98.62,3.0
2019-11-14 07:56:25.560,98.62,2.0
2019-11-14 07:56:25.569,98.62,74.0
2019-11-14 07:56:25.569,98.62,38.0
2019-11-14 07:56:25.569,98.62,22.0
2019-11-14 07:56:25.569,98.62,11.0
2019-11-14 07:56:25.571,98.62,6.0
2019-11-14 07:56:25.580,98.62,4.0
2019-11-14 07:56:25.580,98.62,1.0
2019-11-14 07:56:25.591,98.62,5.0
2019-11-14 07:56:25.680,98.62,4.0
2019-11-14 07:56:25.689,98.62,5.0
2019-11-14 07:56:25.689,98.62,2.0
2019-11-14 07:56:25.689,98.62,1.0
2019-11-14 07:56:25.689,98.62,2.0
2019-11-14 07:56:25.700,98.62,6.0
2019-11-14 07:56:25.711,98.62,4.0
2019-11-14 07:56:25.711,98.62,1.0
2019-11-14 07:56:25.721,98.62,5.0
2019-11-14 07:56:25.780,98.62,4.0
2019-11-14 07:56:25.780,98.62,3.0
2019-11-14 07:56:25.789,98.62,13.0
2019-11-14 07:56:25.789,98.62,6.0
2019-11-14 07:56:25.789,98.62,3.0
2019-11-14 07:56:25.789,98.62,13.0
2019-11-14 07:56:25.790,98.62,6.0
2019-11-14 07:56:25.799,98.62,7.0
2019-11-14 07:56:25.799,98.62,7.0
2019-11-14 07:56:25.799,98.62,5.0
2019-11-14 07:56:25.799,98.62,2.0
2019-11-14 07:56:25.799,98.62,4.0
2019-11-14 07:56:25.799,98.62,3.0
2019-11-14 07:56:25.799,98.62,3.0
2019-11-14 07:56:25.799,98.62,3.0
2019-11-14 07:56:25.809,98.62,3.0
2019-11-14 07:56:25.809,98.62,4.0
2019-11-14 07:56:25.809,98.62,3.0
2019-11-14 07:56:25.821,98.62,3.0
2019-11-14 07:56:25.889,98.62,4.0
2019-11-14 07:56:25.889,98.62,5.0
2019-11-14 07:56:25.891,98.62,1.0
2019-11-14 07:56:26.589,98.62,4.0
2019-11-14 07:56:26.589,98.62,1.0
2019-11-14 07:56:26.589,98.62,2.0
2019-11-14 07:56:26.589,98.62,1.0
2019-11-14 07:56:26.589,98.62,2.0
2019-11-14 07:56:26.600,98.62,5.0
2019-11-14 07:56:26.611,98.62,7.0
2019-11-14 07:56:26.621,98.62,5.0
2019-11-14 07:56:26.621,98.62,3.0
2019-11-14 07:56:26.671,98.62,5.0
2019-11-14 07:56:26.721,98.62,4.0
2019-11-14 07:56:26.771,98.62,6.0
2019-11-14 07:56:26.840,98.62,4.0
2019-11-14 07:56:27.611,98.62,6.0
2019-11-14 07:57:14.089,98.62,7.0
2019-11-14 07:57:14.098,98.62,2.0
2019-11-14 07:57:26.157,98.62,3.0
2019-11-14 07:57:26.157,98.62,2.0
2019-11-14 07:57:26.167,98.62,21.0
2019-11-14 07:57:26.188,98.62,1.0
2019-11-14 07:57:26.197,98.62,2.0
2019-11-14 07:57:26.197,98.62,5.0
2019-11-14 07:57:26.197,98.62,5.0
2019-11-14 07:57:26.208,98.62,4.0
2019-11-14 07:57:26.218,98.62,3.0
2019-11-14 07:57:26.228,98.62,26.0
2019-11-14 08:02:20.284,,29.0
2019-11-14 08:02:20.294,,9.0
2019-11-14 08:04:55.173,,1.0
2019-11-14 08:04:55.173,,5.0
2019-11-14 08:09:37.769,98.625,10.0
2019-11-14 08:13:53.488,98.625,9.0
2019-11-14 08:13:53.499,98.625,16.0
2019-11-14 08:15:16.234,98.625,1.0
2019-11-14 08:27:04.415,98.63,2.0
2019-11-14 08:27:04.415,98.63,10.0
2019-11-14 08:27:04.415,,69.0
2019-11-14 08:27:04.425,98.63,6.0
2019-11-14 08:27:04.425,,97.0
2019-11-14 08:35:34.203,98.635,2.0
2019-11-14 08:35:34.203,98.635,4.0
2019-11-14 08:35:34.212,98.635,7.0
2019-11-14 08:35:34.212,98.635,4.0
2019-11-14 08:35:38.274,98.635,4.0
2019-11-14 08:35:38.283,98.635,3.0
2019-11-14 08:35:38.283,98.635,3.0
2019-11-14 08:38:45.316,98.635,125.0
2019-11-14 08:56:44.478,98.635,20.0
2019-11-14 08:56:44.478,98.635,80.0
2019-11-14 09:02:36.653,98.635,4.0
2019-11-14 09:03:40.794,98.63,4.0
2019-11-14 09:16:17.387,98.635,22.0
2019-11-14 09:16:17.408,98.635,2.0
2019-11-14 09:16:17.408,98.635,2.0
2019-11-14 09:16:17.417,98.635,40.0
2019-11-14 09:29:38.025,,1.0
2019-11-14 09:29:42.204,,1.0
2019-11-14 09:29:47.174,,2.0
2019-11-14 09:29:59.153,,1.0
2019-11-14 09:50:50.234,98.635,5.0
2019-11-14 09:53:29.638,98.635,25.0
2019-11-14 09:59:20.400,98.635,9.0
2019-11-14 10:03:17.021,98.63,18.0
2019-11-14 10:03:17.051,98.63,8.0
2019-11-14 10:04:45.122,98.625,6.0
2019-11-14 10:04:49.804,,5.0
2019-11-14 10:05:52.365,98.625,5.0
2019-11-14 10:06:30.257,98.625,18.0
2019-11-14 10:06:30.456,98.63,8.0
2019-11-14 10:06:30.487,98.63,5.0
2019-11-14 10:06:38.287,98.63,2.0
2019-11-14 10:06:59.836,98.63,15.0
2019-11-14 10:27:39.670,98.625,5.0
2019-11-14 10:35:46.287,98.62,104.0
2019-11-14 10:35:46.307,98.62,1.0
2019-11-14 10:35:46.307,98.62,67.0
2019-11-14 10:36:56.581,98.62,5.0
2019-11-14 10:44:31.817,98.625,5.0
2019-11-14 10:51:27.623,98.625,10.0
2019-11-14 10:51:38.480,98.625,37.0
2019-11-14 10:51:38.491,98.625,22.0
2019-11-14 10:59:43.423,98.625,10.0
2019-11-14 10:59:43.433,98.625,40.0
2019-11-14 10:59:45.344,98.625,10.0
2019-11-14 10:59:45.353,98.625,40.0
2019-11-14 11:02:58.816,98.63,1.0
2019-11-14 11:02:58.826,98.63,4.0
2019-11-14 11:03:26.457,98.63,10.0
2019-11-14 11:03:27.137,98.63,9.0
2019-11-14 11:12:18.004,98.63,5.0
2019-11-14 11:29:13.840,98.635,9.0
2019-11-14 11:31:12.968,98.63,2.0
2019-11-14 11:31:13.008,98.63,2.0
2019-11-14 11:31:13.048,98.63,1.0
2019-11-14 11:31:13.048,98.63,3.0
2019-11-14 11:31:27.058,98.63,3.0
2019-11-14 11:34:00.448,98.63,5.0
2019-11-14 11:49:44.329,98.63,2.0
2019-11-14 11:54:38.760,98.63,2.0
2019-11-14 11:54:39.231,98.63,1.0
2019-11-14 11:54:39.270,98.63,2.0
2019-11-14 11:54:39.739,98.63,1.0
2019-11-14 11:54:39.770,98.63,2.0
2019-11-14 11:54:40.251,98.63,1.0
2019-11-14 11:54:40.271,98.63,2.0
2019-11-14 11:54:40.752,98.63,1.0
2019-11-14 11:54:40.782,98.63,2.0
2019-11-14 11:54:41.252,98.63,1.0
2019-11-14 11:54:41.281,98.63,2.0
2019-11-14 11:54:41.762,98.63,1.0
2019-11-14 11:54:41.791,98.63,2.0
2019-11-14 11:54:42.261,98.63,1.0
2019-11-14 11:54:42.291,98.63,2.0
2019-11-14 11:54:42.771,98.63,1.0
2019-11-14 11:54:42.801,98.63,2.0
2019-11-14 11:54:43.271,98.63,1.0
2019-11-14 11:54:43.301,98.63,10.0
2019-11-14 11:54:43.312,98.63,2.0
2019-11-14 11:54:43.781,98.63,1.0
2019-11-14 11:54:43.811,98.63,2.0
2019-11-14 11:54:44.281,98.63,1.0
2019-11-14 11:54:44.321,98.63,2.0
2019-11-14 11:54:44.790,98.63,1.0
2019-11-14 11:54:44.819,98.63,2.0
2019-11-14 11:54:45.310,98.63,2.0
2019-11-14 11:54:45.800,98.63,1.0
2019-11-14 11:54:45.829,98.63,2.0
2019-11-14 11:54:46.310,98.63,1.0
2019-11-14 11:54:46.340,98.63,2.0
2019-11-14 11:54:46.820,98.63,1.0
2019-11-14 11:54:46.860,98.63,2.0
2019-11-14 11:54:47.329,98.63,1.0
2019-11-14 11:54:47.360,98.63,2.0
2019-11-14 11:54:47.840,98.63,1.0
2019-11-14 11:55:01.900,98.63,3.0
2019-11-14 11:55:52.271,98.63,25.0
2019-11-14 11:56:02.991,98.63,1.0
2019-11-14 11:56:03.632,98.63,1.0
2019-11-14 12:01:18.853,98.63,2.0
2019-11-14 12:01:19.342,98.63,1.0
2019-11-14 12:01:19.372,98.63,1.0
2019-11-14 12:01:19.853,98.63,1.0
2019-11-14 12:07:08.699,98.63,5.0
2019-11-14 12:07:31.790,98.63,2.0
2019-11-14 12:07:32.279,98.63,1.0
2019-11-14 12:07:32.309,98.63,2.0
2019-11-14 12:07:32.778,98.63,1.0
2019-11-14 12:07:32.819,98.63,2.0
2019-11-14 12:07:33.290,98.63,1.0
2019-11-14 12:07:33.800,98.63,3.0
2019-11-14 12:07:34.308,98.63,3.0
2019-11-14 12:07:34.808,98.63,3.0
2019-11-14 12:08:32.049,98.63,3.0
2019-11-14 12:08:35.051,98.63,3.0
2019-11-14 12:08:35.560,98.63,3.0
2019-11-14 12:08:37.081,98.63,3.0
2019-11-14 12:08:38.080,98.63,3.0
2019-11-14 12:09:03.169,98.63,3.0
2019-11-14 12:09:28.259,98.63,3.0
2019-11-14 12:10:35.505,98.63,3.0
2019-11-14 12:10:48.043,98.63,3.0
2019-11-14 12:10:48.554,98.63,3.0
2019-11-14 12:10:49.063,98.63,3.0
2019-11-14 12:10:49.063,98.63,10.0
2019-11-14 12:10:49.564,98.63,3.0
2019-11-14 12:16:27.990,98.63,2.0
2019-11-14 12:16:28.480,98.63,1.0
2019-11-14 12:16:28.510,98.63,2.0
2019-11-14 12:16:28.991,98.63,1.0
2019-11-14 12:16:29.020,98.63,2.0
2019-11-14 12:16:29.490,98.63,1.0
2019-11-14 12:16:29.529,98.63,2.0
2019-11-14 12:16:30.011,98.63,1.0
2019-11-14 12:16:30.531,98.63,3.0
2019-11-14 12:16:31.031,98.63,3.0
2019-11-14 12:16:32.052,98.63,3.0
2019-11-14 12:16:33.071,98.63,3.0
2019-11-14 12:16:33.091,98.63,2.0
2019-11-14 12:16:33.582,98.63,1.0
2019-11-14 12:16:33.603,98.63,2.0
2019-11-14 12:16:34.081,98.63,1.0
2019-11-14 12:16:34.103,98.63,2.0
2019-11-14 12:16:34.582,98.63,1.0
2019-11-14 12:16:34.613,98.63,2.0
2019-11-14 12:16:35.093,98.63,1.0
2019-11-14 12:16:35.123,98.63,2.0
2019-11-14 12:16:35.603,98.63,1.0
2019-11-14 12:16:36.131,98.63,3.0
2019-11-14 12:16:36.641,98.63,3.0
2019-11-14 12:16:37.151,98.63,3.0
2019-11-14 12:16:37.662,98.63,3.0
2019-11-14 12:16:38.173,98.63,3.0
2019-11-14 12:16:39.691,98.63,1.0
2019-11-14 12:16:59.793,98.63,3.0
2019-11-14 12:16:59.813,98.63,2.0
2019-11-14 12:17:00.293,98.63,1.0
2019-11-14 12:17:00.813,98.63,2.0
2019-11-14 12:17:01.322,98.63,3.0
2019-11-14 12:17:01.822,98.63,3.0
2019-11-14 12:17:02.342,98.63,3.0
2019-11-14 12:17:03.352,98.63,3.0
2019-11-14 12:17:03.863,98.63,3.0
2019-11-14 12:17:07.392,98.63,3.0
2019-11-14 12:17:07.902,98.63,3.0
2019-11-14 12:17:08.913,98.63,3.0
2019-11-14 12:17:09.423,98.63,3.0
2019-11-14 12:17:09.933,98.63,3.0
2019-11-14 12:17:11.453,98.63,3.0
2019-11-14 12:17:12.473,98.63,3.0
2019-11-14 12:17:12.982,98.63,3.0
2019-11-14 12:17:44.143,98.63,3.0
2019-11-14 12:17:46.653,98.63,1.0
2019-11-14 12:17:47.172,98.63,2.0
2019-11-14 12:17:47.682,98.63,3.0
2019-11-14 12:17:48.183,98.63,3.0
2019-11-14 12:17:48.704,98.63,3.0
2019-11-14 12:17:49.214,98.63,3.0
2019-11-14 12:17:49.704,98.63,3.0
2019-11-14 12:18:24.393,98.63,3.0
2019-11-14 12:19:32.206,98.63,3.0
2019-11-14 12:19:32.716,98.63,3.0
2019-11-14 12:19:33.226,98.63,3.0
2019-11-14 12:19:34.745,98.63,3.0
2019-11-14 12:19:35.265,98.63,3.0
2019-11-14 12:19:40.295,98.63,3.0
2019-11-14 12:20:00.436,98.63,3.0
2019-11-14 12:20:00.936,98.63,3.0
2019-11-14 12:20:01.456,98.63,3.0
2019-11-14 12:20:03.985,98.63,1.0
2019-11-14 12:20:03.996,98.63,1.0
2019-11-14 12:20:04.506,98.63,3.0
2019-11-14 12:20:18.076,98.63,3.0
2019-11-14 12:20:18.576,98.63,1.0
2019-11-14 12:20:18.586,98.63,2.0
2019-11-14 12:20:19.087,98.63,3.0
2019-11-14 12:20:19.597,98.63,3.0
2019-11-14 12:20:20.116,98.63,3.0
2019-11-14 12:20:20.626,98.63,3.0
2019-11-14 12:20:21.647,98.63,3.0
2019-11-14 12:30:37.048,98.635,9.0
2019-11-14 12:30:37.058,98.635,4.0
2019-11-14 12:39:20.923,98.635,5.0
2019-11-14 12:40:46.111,98.635,145.0
2019-11-14 12:45:31.225,98.64,5.0
2019-11-14 12:45:31.225,98.645,1.0
2019-11-14 12:46:36.527,98.64,5.0
2019-11-14 12:46:36.547,98.64,5.0
2019-11-14 12:47:18.602,98.64,21.0
2019-11-14 12:53:45.668,98.64,10.0
2019-11-14 12:57:04.379,98.64,5.0
2019-11-14 13:05:09.831,98.635,225.0
2019-11-14 13:18:34.531,98.63,2.0
2019-11-14 13:18:47.539,98.63,21.0
2019-11-14 13:18:47.549,98.63,5.0
2019-11-14 13:18:47.559,98.63,27.0
2019-11-14 13:18:49.230,98.625,21.0
2019-11-14 13:18:49.240,98.625,1.0
2019-11-14 13:19:59.111,98.63,3.0
2019-11-14 13:19:59.470,98.63,1.0
2019-11-14 13:23:48.276,98.635,1.0
2019-11-14 13:23:48.287,98.635,1.0
2019-11-14 13:25:04.015,98.635,1.0
2019-11-14 13:25:53.606,98.635,12.0
2019-11-14 13:27:26.926,98.63,282.0
2019-11-14 13:27:26.935,98.63,44.0
2019-11-14 13:27:26.935,98.63,20.0
2019-11-14 13:27:26.935,98.63,18.0
2019-11-14 13:27:26.935,98.63,331.0
2019-11-14 13:27:26.936,98.63,6.0
2019-11-14 13:27:26.946,98.63,203.0
2019-11-14 13:28:17.926,,170.0
2019-11-14 13:30:28.700,,6.0
2019-11-14 13:31:07.535,98.635,16.0
2019-11-14 13:38:30.494,98.635,10.0
2019-11-14 13:38:30.504,98.635,6.0
2019-11-14 13:38:30.504,98.635,2.0
2019-11-14 13:38:30.564,98.635,4.0
2019-11-14 13:41:06.343,98.635,17.0
2019-11-14 13:41:14.005,98.635,7.0
2019-11-14 13:43:52.593,98.635,10.0
2019-11-14 13:46:11.131,,1.0
2019-11-14 13:50:02.090,98.635,4.0
2019-11-14 13:50:05.479,98.635,1.0
2019-11-14 13:50:05.508,98.635,79.0
2019-11-14 13:50:05.519,98.635,16.0
2019-11-14 14:06:14.828,98.64,100.0
2019-11-14 14:08:16.231,98.64,100.0
2019-11-14 14:26:52.422,98.645,2.0
2019-11-14 14:27:12.182,98.645,4.0
2019-11-14 14:27:12.192,98.645,4.0
2019-11-14 14:27:24.133,98.645,1.0
2019-11-14 14:42:19.317,98.645,232.0
2019-11-14 14:42:19.326,98.645,185.0
2019-11-14 14:42:19.326,98.645,10.0
2019-11-14 14:42:19.336,98.645,5.0
2019-11-14 14:42:19.336,98.645,68.0
2019-11-14 14:47:55.707,98.645,100.0
2019-11-14 14:51:26.210,,2.0
2019-11-14 14:52:22.711,,60.0
2019-11-14 14:54:55.363,98.645,14.0
2019-11-14 14:57:26.138,98.645,13.0
2019-11-14 14:57:26.168,98.645,37.0
2019-11-14 15:08:10.042,98.64,7.0
2019-11-14 15:08:10.073,98.645,1.0
2019-11-14 15:08:10.093,98.645,1.0
2019-11-14 15:08:33.163,98.645,2.0
2019-11-14 15:08:33.172,98.645,1.0
2019-11-14 15:08:33.192,98.645,1.0
2019-11-14 15:08:33.192,98.645,1.0
2019-11-14 15:08:53.473,98.645,1.0
2019-11-14 15:08:53.642,98.645,1.0
2019-11-14 15:08:53.652,98.645,20.0
2019-11-14 15:08:53.693,,1.0
2019-11-14 15:09:05.694,,1.0
2019-11-14 15:09:06.024,,2.0
2019-11-14 15:11:34.146,98.645,10.0
2019-11-14 15:11:45.228,98.645,2.0
2019-11-14 15:11:45.228,98.645,1.0
2019-11-14 15:11:45.228,98.645,1.0
2019-11-14 15:12:00.359,98.645,9.0
2019-11-14 15:12:00.370,,33.0
2019-11-14 15:13:23.795,98.645,2.0
2019-11-14 15:13:23.844,98.645,10.0
2019-11-14 15:13:23.844,98.645,10.0
2019-11-14 15:13:31.352,98.645,30.0
2019-11-14 15:19:16.534,98.645,6.0
2019-11-14 15:19:16.542,98.645,15.0
2019-11-14 15:19:16.542,98.645,11.0
2019-11-14 15:19:16.553,98.645,3.0
2019-11-14 15:29:33.846,98.65,1.0
2019-11-14 15:31:56.510,,10.0
2019-11-14 15:37:22.665,98.645,25.0
2019-11-14 15:37:28.645,98.645,4.0
2019-11-14 15:37:28.655,98.645,1.0
2019-11-14 15:37:28.714,98.645,3.0
2019-11-14 15:37:28.715,98.645,1.0
2019-11-14 15:37:34.417,98.645,1.0
2019-11-14 15:37:37.416,98.645,1.0
2019-11-14 15:37:44.416,98.645,1.0
2019-11-14 15:38:22.682,98.645,18.0
2019-11-14 15:47:28.970,98.645,1.0
2019-11-14 15:50:05.911,98.645,10.0
2019-11-14 15:50:23.444,98.645,5.0
2019-11-14 15:50:23.494,98.645,4.0
2019-11-14 15:50:23.494,98.645,2.0
2019-11-14 15:50:23.504,98.645,5.0
2019-11-14 15:50:23.504,98.645,4.0
2019-11-14 15:50:23.504,98.645,1.0
2019-11-14 15:51:21.149,98.645,2.0
2019-11-14 15:55:07.228,,3.0
2019-11-14 15:55:08.098,98.645,1.0
2019-11-14 15:55:19.110,98.645,1.0
2019-11-14 15:55:39.013,98.645,8.0
2019-11-14 15:55:39.123,98.645,4.0
2019-11-14 15:55:39.543,98.645,19.0
2019-11-14 15:55:46.843,98.645,1.0
2019-11-14 15:55:46.864,98.645,16.0
2019-11-14 15:55:47.062,98.645,40.0
2019-11-14 15:55:56.776,98.645,2.0
2019-11-14 15:55:56.776,,2.0
2019-11-14 15:56:05.893,98.645,29.0
2019-11-14 15:56:05.904,,1.0
2019-11-14 15:56:49.682,98.645,4.0
2019-11-14 15:58:00.555,98.645,8.0
2019-11-14 15:58:08.204,98.645,1.0
2019-11-14 15:59:26.123,,30.0
2019-11-14 15:59:39.665,98.645,22.0
2019-11-14 16:00:10.668,98.645,5.0
2019-11-14 16:00:10.668,,5.0
2019-11-14 16:00:43.354,98.65,15.0
2019-11-14 16:00:43.354,,28.0
2019-11-14 16:01:55.837,98.65,12.0
2019-11-14 16:02:53.211,98.65,10.0
2019-11-14 16:02:53.231,,66.0
2019-11-14 16:02:55.852,98.65,3.0
2019-11-14 16:03:16.338,98.65,4.0
2019-11-14 16:03:16.347,98.65,2.0
2019-11-14 16:03:16.347,98.65,1.0
2019-11-14 16:03:16.356,98.65,1.0
2019-11-14 16:03:16.356,98.65,1.0
2019-11-14 16:03:16.356,98.65,1.0
2019-11-14 16:03:16.358,98.65,25.0
2019-11-14 16:03:16.367,98.65,1.0
2019-11-14 16:07:17.308,,18.0
2019-11-14 16:11:06.367,98.65,2.0
2019-11-14 16:11:06.367,98.65,2.0
2019-11-14 16:11:15.446,98.65,1.0
2019-11-14 16:11:15.448,98.65,5.0
2019-11-14 16:11:15.448,98.65,1.0
2019-11-14 16:11:40.700,98.65,50.0
2019-11-14 16:11:48.230,98.65,64.0
2019-11-14 16:11:50.210,98.65,6.0
2019-11-14 16:11:50.220,98.65,19.0
2019-11-14 16:12:58.187,,2.0
2019-11-14 16:14:22.935,98.65,10.0
2019-11-14 16:20:01.029,98.65,2.0
2019-11-14 16:20:01.030,98.65,9.0
2019-11-14 16:20:01.060,98.65,11.0
2019-11-14 16:28:13.437,98.65,239.0
2019-11-14 16:28:13.449,98.65,3.0
2019-11-14 16:28:13.458,98.65,62.0
2019-11-14 16:28:21.269,98.65,23.0
2019-11-14 16:28:23.408,98.65,146.0
2019-11-14 16:28:23.417,98.65,23.0
2019-11-14 16:28:23.417,98.65,18.0
2019-11-14 16:28:23.418,98.65,6.0
2019-11-14 16:28:23.418,98.65,52.0
2019-11-14 16:28:23.418,98.65,36.0
2019-11-14 16:28:56.719,98.65,32.0
2019-11-14 16:28:56.728,98.65,3.0
2019-11-14 16:28:56.728,98.65,1.0
2019-11-14 16:28:56.738,98.65,126.0
2019-11-14 16:28:56.738,98.65,134.0
2019-11-14 16:28:56.740,98.65,4.0
2019-11-14 16:30:43.355,98.65,816.0
2019-11-14 16:30:43.375,98.65,12.0
2019-11-14 16:30:43.385,98.65,186.0
2019-11-14 16:30:43.564,98.65,20.0
2019-11-14 16:30:43.564,98.65,15.0
2019-11-14 16:33:34.839,98.65,132.0
2019-11-14 16:33:42.929,98.65,16.0
2019-11-14 16:33:42.938,98.65,1.0
2019-11-14 16:33:42.938,98.65,4.0
2019-11-14 16:33:42.938,98.65,3.0
2019-11-14 16:33:42.938,98.65,2.0
2019-11-14 16:33:42.938,98.65,2.0
2019-11-14 16:33:42.938,98.65,3.0
2019-11-14 16:33:42.938,98.65,2.0
2019-11-14 16:33:42.938,98.65,2.0
2019-11-14 16:33:42.938,98.65,22.0
2019-11-14 16:33:42.940,98.65,61.0
2019-11-14 16:33:42.940,98.65,124.0
2019-11-14 16:33:42.940,98.65,4.0
2019-11-14 16:33:42.949,98.65,81.0
2019-11-14 16:34:17.179,98.65,23.0
2019-11-14 16:35:04.287,98.65,17.0
2019-11-14 16:35:04.288,98.65,7.0
2019-11-14 16:35:04.288,98.65,3.0
2019-11-14 16:35:04.288,98.65,67.0
2019-11-14 16:35:04.298,98.65,10.0
2019-11-14 16:35:04.478,98.65,89.0
2019-11-14 16:35:04.617,98.65,25.0
2019-11-14 16:35:04.617,98.65,10.0
2019-11-14 16:35:06.557,98.65,10.0
2019-11-14 16:35:06.567,98.65,33.0
2019-11-14 16:35:06.568,98.65,6.0
2019-11-14 16:38:32.818,98.65,129.0
2019-11-14 16:38:32.818,98.65,10.0
2019-11-14 16:38:32.828,98.65,106.0
2019-11-14 16:38:32.828,98.65,22.0
2019-11-14 16:38:32.828,98.65,33.0
2019-11-14 16:42:08.708,98.655,14.0
2019-11-14 16:42:08.719,98.655,3.0
2019-11-14 16:42:08.719,98.655,5.0
2019-11-14 16:42:08.719,98.655,4.0
2019-11-14 16:45:19.277,98.655,25.0
2019-11-14 16:45:19.286,98.655,54.0
2019-11-14 16:45:19.295,98.655,14.0
2019-11-14 16:45:19.295,98.655,1.0
2019-11-14 16:45:19.295,98.655,1.0
2019-11-14 16:45:19.295,98.655,30.0
2019-11-14 16:49:27.102,98.66,17.0
2019-11-14 16:49:27.112,98.66,6.0
2019-11-14 16:49:27.122,98.66,6.0
2019-11-14 16:49:27.122,98.66,2.0
2019-11-14 16:49:27.132,98.66,19.0
2019-11-14 16:55:46.832,98.655,14.0
2019-11-14 16:56:19.932,98.655,25.0
2019-11-14 17:13:37.435,98.65,34.0
2019-11-14 17:14:19.065,98.65,5.0
2019-11-14 17:15:21.628,98.65,10.0
2019-11-14 17:20:27.241,98.65,1.0
2019-11-14 17:20:36.331,98.65,11.0
2019-11-14 17:20:36.341,98.65,5.0
2019-11-14 17:22:10.763,98.65,14.0
2019-11-14 17:22:11.003,98.65,10.0
2019-11-14 17:22:11.214,98.65,10.0
2019-11-14 17:22:15.254,98.65,9.0
2019-11-14 17:24:44.586,98.655,16.0
2019-11-14 17:24:44.586,98.655,16.0
2019-11-14 17:25:10.298,98.655,1.0
2019-11-14 17:29:15.501,,1.0
2019-11-14 17:44:43.904,98.65,10.0
2019-11-14 17:48:05.536,98.65,22.0
2019-11-14 17:48:07.007,98.65,58.0
2019-11-14 17:53:04.313,98.655,1.0
2019-11-14 17:53:04.323,98.655,1.0
2019-11-14 17:53:04.323,98.655,1.0
2019-11-14 18:04:41.641,98.65,2.0
2019-11-14 18:12:18.012,98.65,10.0
2019-11-14 18:29:01.076,98.655,14.0
2019-11-14 18:30:38.886,98.655,15.0
2019-11-14 18:38:09.380,,20.0
2019-11-14 18:45:37.083,98.65,187.0
2019-11-14 18:55:52.193,98.65,4.0
2019-11-14 18:56:08.335,98.65,1.0
2019-11-14 18:56:10.485,98.65,10.0
2019-11-14 18:57:56.402,98.655,40.0
2019-11-14 18:57:56.422,98.655,5.0
2019-11-14 18:57:56.440,98.655,2.0
2019-11-14 18:57:56.451,98.655,3.0
2019-11-14 18:57:56.451,98.655,6.0
2019-11-14 18:57:56.451,98.655,2.0
2019-11-14 18:57:56.451,98.655,1.0
2019-11-14 18:57:56.451,98.655,3.0
2019-11-14 18:57:56.461,98.655,3.0
2019-11-14 18:57:56.461,98.655,2.0
2019-11-14 18:57:56.461,98.655,1.0
2019-11-14 18:57:56.461,98.655,2.0
2019-11-14 18:57:56.461,98.655,2.0
2019-11-14 18:57:56.461,98.655,1.0
2019-11-14 18:57:56.461,98.655,1.0
2019-11-14 18:57:56.462,98.655,2.0
2019-11-14 18:57:56.471,98.655,2.0
2019-11-14 18:57:56.471,98.655,9.0
2019-11-14 18:57:56.471,98.655,4.0
2019-11-14 18:57:56.471,98.655,3.0
2019-11-14 18:57:56.471,98.655,5.0
2019-11-14 18:57:56.471,98.655,1.0
2019-11-14 18:57:56.471,98.655,1.0
2019-11-14 18:57:56.471,98.655,3.0
2019-11-14 18:57:56.471,98.655,4.0
2019-11-14 18:57:56.481,98.655,1.0
2019-11-14 18:57:56.481,98.655,3.0
2019-11-14 18:57:56.481,98.655,5.0
2019-11-14 18:57:56.491,98.655,4.0
2019-11-14 18:57:56.491,98.655,1.0
2019-11-14 18:57:56.491,98.655,1.0
2019-11-14 18:57:56.491,98.655,3.0
2019-11-14 18:57:56.501,98.655,1.0
2019-11-14 18:57:56.501,98.655,1.0
2019-11-14 18:57:56.501,98.655,12.0
2019-11-14 18:57:56.501,98.655,4.0
2019-11-14 18:57:56.501,98.655,2.0
2019-11-14 18:57:56.501,98.655,2.0
2019-11-14 18:57:56.501,98.655,7.0
2019-11-14 18:57:56.501,98.655,3.0
2019-11-14 18:57:56.501,98.655,1.0
2019-11-14 18:57:56.511,98.655,1.0
2019-11-14 18:57:56.521,98.655,4.0
2019-11-14 18:57:56.521,98.655,1.0
2019-11-14 18:57:56.521,98.655,1.0
2019-11-14 18:57:56.521,98.655,134.0
2019-11-14 18:57:56.521,98.655,1.0
2019-11-14 18:57:56.521,98.655,2.0
2019-11-14 18:57:56.531,98.655,3.0
2019-11-14 18:57:56.531,98.655,3.0
2019-11-14 18:57:56.531,98.655,3.0
2019-11-14 18:57:56.531,98.655,1.0
2019-11-14 18:57:56.531,98.655,2.0
2019-11-14 18:57:56.531,98.655,1.0
2019-11-14 18:57:56.531,98.655,1.0
2019-11-14 18:57:56.532,98.655,54.0
2019-11-14 18:57:56.532,98.655,4.0
2019-11-14 18:57:56.541,98.655,1.0
2019-11-14 18:57:56.541,98.655,1.0
2019-11-14 18:57:56.541,98.655,1.0
2019-11-14 18:57:56.541,98.655,1.0
2019-11-14 18:57:56.541,98.655,25.0
2019-11-14 18:57:56.541,98.66,1.0
2019-11-14 18:57:56.551,98.66,1.0
2019-11-14 18:57:56.551,98.66,1.0
2019-11-14 18:57:56.551,98.66,8.0
2019-11-14 18:57:56.551,98.66,1.0
2019-11-14 18:57:56.561,98.66,2.0
2019-11-14 18:57:56.561,98.66,2.0
2019-11-14 18:57:56.561,98.66,3.0
2019-11-14 18:57:56.561,98.66,2.0
2019-11-14 18:57:56.562,98.66,1.0
2019-11-14 18:57:56.572,98.655,4.0
2019-11-14 18:57:56.732,98.655,2.0
2019-11-14 18:57:56.911,98.655,51.0
2019-11-14 18:57:57.072,98.66,29.0
2019-11-14 18:57:57.261,,1.0
2019-11-14 18:57:59.001,98.655,134.0
2019-11-14 18:57:59.031,98.655,37.0
2019-11-14 18:57:59.711,98.655,3.0
2019-11-14 18:58:00.501,98.655,22.0
2019-11-14 18:58:00.501,98.655,4.0
2019-11-14 18:58:00.571,98.655,300.0
2019-11-14 18:58:00.840,98.655,23.0
2019-11-14 18:58:01.331,98.655,16.0
2019-11-14 18:58:01.540,98.655,14.0
2019-11-14 18:58:02.421,98.655,116.0
2019-11-14 18:58:10.912,,3.0
2019-11-14 18:58:10.912,,5.0
2019-11-14 18:58:13.771,98.66,5.0
2019-11-14 18:58:15.980,98.66,44.0
2019-11-14 18:58:18.371,,1.0
2019-11-14 18:58:38.478,98.66,3.0
2019-11-14 18:58:38.488,98.66,1.0
2019-11-14 18:58:38.668,98.66,3.0
2019-11-14 18:58:39.958,98.66,2.0
2019-11-14 18:58:39.968,98.66,4.0
2019-11-14 18:58:40.738,98.66,3.0
2019-11-14 18:58:52.998,98.655,4.0
2019-11-14 18:59:26.699,98.66,4.0
2019-11-14 19:01:17.143,98.655,50.0
2019-11-14 19:15:41.430,98.65,4.0
2019-11-14 19:25:08.235,,10.0
2019-11-14 19:25:50.381,,2.0
2019-11-14 19:26:02.350,98.65,10.0
2019-11-14 19:26:02.359,98.65,40.0
2019-11-14 19:26:04.021,,8.0
2019-11-14 19:44:33.571,98.65,4.0
2019-11-14 19:47:55.200,98.65,4.0
2019-11-14 19:59:58.070,98.65,6.0
2019-11-14 20:21:41.548,98.65,38.0
2019-11-14 20:21:41.568,98.65,53.0
2019-11-14 20:21:41.748,98.65,12.0
2019-11-14 20:22:07.766,98.65,4.0
2019-11-14 20:24:30.533,98.65,1.0
2019-11-14 20:24:30.542,98.65,2.0
2019-11-14 20:25:15.762,98.65,6.0
2019-11-14 20:25:15.762,98.65,1.0
2019-11-14 20:34:32.087,98.645,5.0
2019-11-14 20:35:00.437,98.645,1.0
2019-11-14 20:41:37.249,98.65,4.0
2019-11-14 20:41:37.249,98.65,1.0
2019-11-14 20:50:48.265,98.65,57.0
2019-11-14 21:23:06.176,98.65,5.0
2019-11-14 21:23:06.186,98.65,1.0
2019-11-14 21:34:56.359,98.655,10.0
2019-11-14 21:59:01.305,98.65,1.0
2019-11-14 23:00:38.426,98.65,1.0
2019-11-14 23:00:38.936,98.65,1.0
2019-11-14 23:42:05.332,,19.0
2019-11-14 23:42:05.332,,281.0
2019-11-15 02:58:01.719,98.635,2.0
2019-11-15 04:43:22.029,98.635,2.0
2019-11-15 04:43:22.058,98.635,2.0
2019-11-15 05:16:15.140,98.635,7.0
2019-11-15 05:16:15.149,98.635,2.0
2019-11-15 05:57:54.588,98.63,11.0
2019-11-15 05:58:07.907,98.63,1.0
2019-11-15 06:49:40.481,98.63,2.0
2019-11-15 06:49:40.489,98.63,7.0
2019-11-15 06:49:40.489,98.63,5.0
2019-11-15 06:49:40.489,98.63,5.0
2019-11-15 06:49:40.489,98.63,4.0
2019-11-15 06:49:40.489,98.63,2.0
2019-11-15 06:49:40.489,98.63,1.0
2019-11-15 06:49:40.489,98.63,2.0
2019-11-15 06:49:40.489,98.63,2.0
2019-11-15 06:49:40.490,98.63,2.0
2019-11-15 06:49:40.490,98.63,1.0
2019-11-15 06:49:40.490,98.63,1.0
2019-11-15 06:49:40.490,98.63,18.0
2019-11-15 06:50:06.057,98.63,35.0
2019-11-15 06:54:46.290,98.63,2.0
2019-11-15 06:59:54.597,98.625,2.0
2019-11-15 07:07:47.021,98.63,2.0
2019-11-15 07:39:22.821,98.63,5.0
2019-11-15 07:39:22.851,98.63,24.0
2019-11-15 07:39:22.860,98.63,46.0
2019-11-15 07:40:08.227,98.63,5.0
2019-11-15 07:40:38.826,98.63,2.0
2019-11-15 07:42:58.588,98.63,1.0
2019-11-15 07:42:58.598,98.63,1.0
2019-11-15 08:04:24.220,98.635,23.0
2019-11-15 08:07:03.850,,15.0
2019-11-15 08:07:03.850,,10.0
2019-11-15 08:09:08.261,98.64,14.0
2019-11-15 08:09:08.261,98.64,12.0
2019-11-15 08:09:08.263,98.64,14.0
2019-11-15 08:09:18.212,98.64,1.0
2019-11-15 08:09:18.221,98.64,1.0
2019-11-15 08:09:19.192,98.64,12.0
2019-11-15 08:09:19.201,98.64,12.0
2019-11-15 08:09:20.341,98.64,1.0
2019-11-15 08:09:20.351,98.64,1.0
2019-11-15 08:09:20.361,98.64,2.0
2019-11-15 08:09:20.821,98.64,4.0
2019-11-15 08:09:20.830,98.64,3.0
2019-11-15 08:09:21.321,98.64,1.0
2019-11-15 08:09:21.330,98.64,5.0
2019-11-15 08:09:21.330,98.64,11.0
2019-11-15 08:10:55.136,98.645,5.0
2019-11-15 08:10:55.136,98.645,24.0
2019-11-15 08:10:55.136,98.645,22.0
2019-11-15 08:10:55.136,98.645,17.0
2019-11-15 08:10:55.136,98.645,9.0
2019-11-15 08:10:55.136,98.645,13.0
2019-11-15 08:10:55.136,98.645,41.0
2019-11-15 08:10:55.136,98.645,14.0
2019-11-15 08:10:55.136,98.645,1.0
2019-11-15 08:10:55.138,98.645,10.0
2019-11-15 08:10:55.138,98.645,10.0
2019-11-15 08:10:55.156,98.645,13.0
2019-11-15 08:10:55.156,98.645,7.0
2019-11-15 08:10:55.156,98.645,2.0
2019-11-15 08:10:55.156,98.645,2.0
2019-11-15 08:10:55.167,98.645,3.0
2019-11-15 08:10:55.167,98.645,5.0
2019-11-15 08:10:55.187,98.645,34.0
2019-11-15 08:10:55.217,98.65,1.0
2019-11-15 08:15:52.999,98.65,1.0
2019-11-15 08:15:53.008,98.65,1.0
2019-11-15 08:15:53.008,98.65,1.0
2019-11-15 08:15:53.008,98.65,1.0
2019-11-15 08:15:53.008,98.65,1.0
2019-11-15 08:15:53.008,98.65,1.0
2019-11-15 08:15:53.008,98.65,1.0
2019-11-15 08:15:53.008,98.65,1.0
2019-11-15 08:15:53.009,98.65,1.0
2019-11-15 08:15:53.009,98.65,1.0
2019-11-15 08:18:49.509,98.65,1.0
2019-11-15 08:19:15.135,98.65,10.0
2019-11-15 08:23:14.728,98.645,39.0
2019-11-15 08:23:25.567,,6.0
2019-11-15 08:23:31.877,98.645,38.0
2019-11-15 08:26:11.531,98.645,5.0
2019-11-15 08:30:27.057,98.645,6.0
2019-11-15 08:30:27.066,98.645,1.0
2019-11-15 08:30:27.066,98.645,34.0
2019-11-15 08:30:27.087,98.645,1.0
2019-11-15 08:30:27.106,98.645,3.0
2019-11-15 08:30:27.117,98.645,28.0
2019-11-15 08:30:27.126,98.645,10.0
2019-11-15 08:30:27.126,98.645,18.0
2019-11-15 08:30:27.127,98.645,1.0
2019-11-15 08:30:45.138,,19.0
2019-11-15 08:30:48.938,98.645,1.0
2019-11-15 08:30:53.935,,1.0
2019-11-15 08:31:24.302,98.645,17.0
2019-11-15 08:31:24.312,98.645,5.0
2019-11-15 08:32:11.076,98.645,2.0
2019-11-15 08:42:17.390,,11.0
2019-11-15 08:45:04.082,,9.0
2019-11-15 08:45:05.794,,12.0
2019-11-15 08:46:58.584,98.64,24.0
2019-11-15 08:50:26.927,98.64,9.0
2019-11-15 08:52:33.490,98.645,6.0
2019-11-15 08:52:33.490,98.645,6.0
2019-11-15 08:52:33.492,98.645,7.0
2019-11-15 08:52:33.500,98.645,13.0
2019-11-15 08:52:33.500,98.645,1.0
2019-11-15 08:52:33.500,98.645,2.0
2019-11-15 08:52:33.502,98.645,1.0
2019-11-15 08:52:33.521,98.645,1.0
2019-11-15 08:52:33.521,98.645,2.0
2019-11-15 08:52:33.551,98.645,10.0
2019-11-15 08:52:33.562,98.645,18.0
2019-11-15 08:52:33.571,98.645,1.0
2019-11-15 08:53:04.150,98.645,6.0
2019-11-15 08:55:42.307,98.645,1.0
2019-11-15 08:55:42.326,98.645,10.0
2019-11-15 09:02:10.727,98.64,4.0
2019-11-15 09:05:37.514,98.635,5.0
2019-11-15 09:05:37.535,98.635,5.0
2019-11-15 09:31:13.122,98.635,5.0
2019-11-15 09:43:01.703,98.635,5.0
2019-11-15 11:38:34.149,98.635,7.0
2019-11-15 11:38:34.160,98.635,18.0
2019-11-15 11:58:33.063,98.635,1.0
2019-11-15 12:00:00.899,98.635,134.0
2019-11-15 12:00:00.909,98.635,9.0
2019-11-15 12:00:00.909,98.635,3.0
2019-11-15 12:00:00.909,98.635,8.0
2019-11-15 12:00:00.919,98.635,165.0
2019-11-15 12:00:00.919,98.635,18.0
2019-11-15 12:00:00.949,98.635,8.0
2019-11-15 12:00:00.949,98.635,4.0
2019-11-15 12:00:01.069,98.635,2.0
2019-11-15 12:00:54.547,98.64,5.0
2019-11-15 12:04:51.120,98.635,17.0
2019-11-15 12:04:54.299,98.635,2.0
2019-11-15 12:04:54.310,98.635,2.0
2019-11-15 12:05:07.489,98.63,2.0
2019-11-15 12:20:05.606,98.63,1.0
2019-11-15 12:22:31.292,98.63,10.0
2019-11-15 12:24:13.224,98.63,23.0
2019-11-15 12:26:54.532,98.63,4.0
2019-11-15 12:28:23.074,98.63,25.0
2019-11-15 13:00:41.413,98.63,1.0
2019-11-15 13:07:49.015,98.63,1.0
2019-11-15 13:19:59.990,98.63,2.0
2019-11-15 13:22:44.211,98.63,15.0
2019-11-15 13:22:44.221,,12.0
2019-11-15 13:22:52.710,,5.0
2019-11-15 13:23:07.218,98.63,4.0
2019-11-15 13:23:07.218,98.63,1.0
2019-11-15 13:27:39.780,,15.0
2019-11-15 13:29:28.208,98.63,4.0
2019-11-15 13:29:55.379,,1.0
2019-11-15 13:30:01.910,,1.0
2019-11-15 13:30:42.734,98.64,2.0
2019-11-15 13:30:42.745,98.64,6.0
2019-11-15 13:30:42.754,98.64,2.0
2019-11-15 13:30:43.655,98.64,3.0
2019-11-15 13:30:49.204,98.64,10.0
2019-11-15 13:30:49.204,98.64,2.0
2019-11-15 13:32:34.120,98.635,3.0
2019-11-15 13:36:37.218,98.635,2.0
2019-11-15 13:40:59.086,98.635,8.0
2019-11-15 13:40:59.086,,269.0
2019-11-15 13:40:59.096,,3.0
2019-11-15 13:40:59.106,,2.0
2019-11-15 13:41:39.869,,1.0
2019-11-15 14:09:12.203,98.635,45.0
2019-11-15 14:09:12.903,98.635,11.0
2019-11-15 14:09:25.122,98.635,17.0
2019-11-15 14:09:25.702,98.635,15.0
2019-11-15 14:09:36.731,98.635,10.0
2019-11-15 14:09:36.731,98.635,5.0
2019-11-15 14:09:37.261,98.635,12.0
2019-11-15 14:09:44.960,98.635,12.0
2019-11-15 14:09:45.251,98.635,11.0
2019-11-15 14:09:45.570,98.635,10.0
2019-11-15 14:14:24.902,98.635,20.0
2019-11-15 14:14:44.560,98.635,8.0
2019-11-15 14:18:02.400,98.635,9.0
2019-11-15 14:23:23.558,98.63,3.0
2019-11-15 14:23:23.558,98.63,1.0
2019-11-15 14:23:56.576,,15.0
2019-11-15 14:28:10.476,,5.0
2019-11-15 14:28:11.615,98.625,19.0
2019-11-15 14:28:54.738,98.625,4.0
2019-11-15 14:29:31.698,,1.0
2019-11-15 14:31:22.229,,5.0
2019-11-15 14:44:47.122,98.625,3.0
2019-11-15 14:44:47.132,98.625,3.0
2019-11-15 14:49:10.465,98.625,10.0
2019-11-15 14:49:10.806,98.625,11.0
2019-11-15 14:50:52.052,98.625,4.0
2019-11-15 14:55:14.403,,5.0
2019-11-15 14:56:15.714,98.625,1.0
2019-11-15 14:56:15.714,98.625,1.0
2019-11-15 14:56:15.723,98.625,1.0
2019-11-15 14:57:06.726,,5.0
2019-11-15 15:10:00.425,98.625,2.0
2019-11-15 15:12:43.132,98.625,100.0
2019-11-15 15:29:11.424,98.63,32.0
2019-11-15 15:29:11.424,98.63,1.0
2019-11-15 15:29:11.433,98.63,4.0
2019-11-15 15:45:35.664,98.63,134.0
2019-11-15 15:45:35.674,98.63,160.0
2019-11-15 15:45:45.726,98.63,106.0
2019-11-15 15:45:45.726,98.63,86.0
2019-11-15 15:45:45.736,98.63,36.0
2019-11-15 15:46:04.505,,20.0
2019-11-15 15:46:15.403,98.63,10.0
2019-11-15 15:48:53.372,98.635,1.0
2019-11-15 15:57:30.764,98.63,1.0
2019-11-15 15:57:36.812,98.63,2.0
2019-11-15 15:57:38.842,98.63,58.0
2019-11-15 15:59:01.139,98.63,3.0
2019-11-15 15:59:05.421,98.63,2.0
2019-11-15 15:59:05.421,98.63,1.0
2019-11-15 16:00:40.510,98.63,2.0
2019-11-15 16:05:48.694,98.63,6.0
2019-11-15 17:22:00.151,,5.0
2019-11-15 17:22:00.161,,5.0
2019-11-15 17:35:04.514,98.635,18.0
2019-11-15 20:59:56.776,98.635,2.0
2019-11-15 20:59:56.815,98.635,4.0
2019-11-15 20:59:56.826,98.635,45.0
2019-11-15 21:15:54.618,98.635,30.0
2019-11-15 21:55:07.069,98.635,10.0
2019-11-15 21:55:07.079,98.635,4.0
2019-11-15 21:57:40.003,,3.0
2019-11-18 07:36:17.119,98.625,1.0
2019-11-18 07:36:17.127,98.625,1.0
2019-11-18 07:36:17.127,98.625,1.0
2019-11-18 07:36:17.127,98.625,1.0
2019-11-18 07:36:17.127,98.625,1.0
2019-11-18 07:36:17.127,98.625,1.0
2019-11-18 07:36:17.127,98.625,1.0
2019-11-18 07:36:17.127,98.625,1.0
2019-11-18 07:36:17.127,98.625,1.0
2019-11-18 07:36:17.127,98.625,1.0
2019-11-18 07:36:17.127,98.625,1.0
2019-11-18 07:36:17.127,98.625,1.0
2019-11-18 07:36:17.127,98.625,1.0
2019-11-18 07:36:17.139,98.625,1.0
2019-11-18 07:36:17.147,98.625,1.0
2019-11-18 07:36:17.147,98.625,1.0
2019-11-18 07:36:17.147,98.625,1.0
2019-11-18 07:36:17.147,98.625,1.0
2019-11-18 07:36:17.147,98.625,1.0
2019-11-18 07:36:17.147,98.625,1.0
2019-11-18 07:36:17.147,98.625,1.0
2019-11-18 07:36:17.147,98.625,1.0
2019-11-18 07:36:17.147,98.625,1.0
2019-11-18 07:36:17.147,98.625,1.0
2019-11-18 07:36:17.147,98.625,1.0
2019-11-18 07:36:17.149,98.625,1.0
2019-11-18 07:36:17.149,98.625,1.0
2019-11-18 07:36:17.158,98.625,1.0
2019-11-18 07:36:17.158,98.625,1.0
2019-11-18 07:36:17.158,98.625,1.0
2019-11-18 07:36:17.158,98.625,1.0
2019-11-18 07:36:17.158,98.625,1.0
2019-11-18 07:36:17.158,98.625,1.0
2019-11-18 07:36:17.167,98.625,1.0
2019-11-18 07:36:17.167,98.625,1.0
2019-11-18 07:36:17.167,98.625,1.0
2019-11-18 07:36:17.167,98.625,1.0
2019-11-18 07:36:17.167,98.625,1.0
2019-11-18 07:36:17.167,98.625,1.0
2019-11-18 07:36:17.187,98.625,1.0
2019-11-18 07:36:17.187,98.625,1.0
2019-11-18 07:36:17.187,98.625,1.0
2019-11-18 07:36:17.187,98.625,1.0
2019-11-18 07:36:17.187,98.625,1.0
2019-11-18 07:36:17.187,98.625,1.0
2019-11-18 07:36:17.189,98.625,1.0
2019-11-18 07:36:17.189,98.625,1.0
2019-11-18 07:36:17.189,98.625,1.0
2019-11-18 07:36:17.189,98.625,1.0
2019-11-18 07:36:17.189,98.625,1.0
2019-11-18 07:38:33.469,98.63,1.0
2019-11-18 07:38:33.469,98.63,1.0
2019-11-18 07:38:33.469,98.63,1.0
2019-11-18 07:38:33.479,98.63,1.0
2019-11-18 07:38:33.528,98.63,2.0
2019-11-18 07:38:33.628,98.63,1.0
2019-11-18 07:38:35.248,98.63,2.0
2019-11-18 07:38:37.548,98.63,2.0
2019-11-18 07:38:38.717,98.63,1.0
2019-11-18 07:38:38.737,98.63,2.0
2019-11-18 07:38:42.737,98.63,1.0
2019-11-18 07:38:42.746,98.63,1.0
2019-11-18 07:38:42.787,98.63,2.0
2019-11-18 07:38:43.737,98.63,2.0
2019-11-18 07:38:49.066,98.63,1.0
2019-11-18 07:38:49.066,98.63,2.0
2019-11-18 07:38:49.167,98.63,2.0
2019-11-18 07:38:49.167,98.63,1.0
2019-11-18 07:38:49.167,98.63,1.0
2019-11-18 07:38:49.187,98.63,2.0
2019-11-18 07:38:49.296,98.63,1.0
2019-11-18 07:38:49.307,98.63,2.0
2019-11-18 07:38:49.346,98.63,2.0
2019-11-18 07:38:49.427,98.63,1.0
2019-11-18 07:38:49.437,98.63,2.0
2019-11-18 07:38:50.126,98.63,1.0
2019-11-18 07:38:50.146,98.63,6.0
2019-11-18 07:38:50.146,98.63,5.0
2019-11-18 07:38:50.146,98.63,1.0
2019-11-18 07:39:53.225,98.63,1.0
2019-11-18 07:39:53.225,98.63,63.0
2019-11-18 07:39:53.225,98.63,1.0
2019-11-18 07:39:53.225,98.63,19.0
2019-11-18 07:39:53.225,98.63,1.0
2019-11-18 07:39:53.225,98.63,1.0
2019-11-18 07:39:53.225,98.63,1.0
2019-11-18 07:39:53.225,98.63,1.0
2019-11-18 07:39:53.225,98.63,1.0
2019-11-18 07:39:53.225,98.63,1.0
2019-11-18 07:39:53.225,98.63,1.0
2019-11-18 07:39:53.227,98.63,1.0
2019-11-18 07:39:53.227,98.63,1.0
2019-11-18 07:39:53.227,98.63,1.0
2019-11-18 07:39:53.227,98.63,1.0
2019-11-18 07:39:53.227,98.63,1.0
2019-11-18 07:39:53.235,98.63,1.0
2019-11-18 07:39:53.235,98.63,1.0
2019-11-18 07:39:53.235,98.63,1.0
2019-11-18 07:39:53.235,98.63,1.0
2019-11-18 07:39:53.235,98.63,1.0
2019-11-18 07:39:53.235,98.63,1.0
2019-11-18 07:39:53.237,98.63,1.0
2019-11-18 07:39:53.245,98.63,1.0
2019-11-18 07:39:53.245,98.63,1.0
2019-11-18 07:39:53.245,98.63,1.0
2019-11-18 07:39:53.245,98.63,1.0
2019-11-18 07:39:53.245,98.63,1.0
2019-11-18 07:39:53.245,98.63,1.0
2019-11-18 07:39:53.247,98.63,1.0
2019-11-18 07:39:53.256,98.63,1.0
2019-11-18 07:39:53.256,98.63,1.0
2019-11-18 07:39:53.256,98.63,1.0
2019-11-18 07:39:53.267,98.63,1.0
2019-11-18 07:39:53.267,98.63,1.0
2019-11-18 07:39:53.267,98.63,1.0
2019-11-18 07:39:53.267,98.63,2.0
2019-11-18 07:39:53.277,98.63,1.0
2019-11-18 07:39:53.277,98.63,1.0
2019-11-18 07:39:53.277,98.63,1.0
2019-11-18 07:39:53.277,98.63,1.0
2019-11-18 07:39:53.277,98.63,1.0
2019-11-18 07:39:53.285,98.63,1.0
2019-11-18 07:39:53.285,98.63,1.0
2019-11-18 07:39:53.285,98.63,1.0
2019-11-18 07:39:53.285,98.63,1.0
2019-11-18 07:39:53.285,98.63,1.0
2019-11-18 07:39:53.287,98.63,1.0
2019-11-18 07:39:53.287,98.63,1.0
2019-11-18 07:39:53.297,98.63,1.0
2019-11-18 07:39:53.306,98.63,2.0
2019-11-18 07:39:53.317,98.63,2.0
2019-11-18 07:39:53.317,98.63,1.0
2019-11-18 07:39:53.327,98.63,2.0
2019-11-18 07:39:53.336,98.63,2.0
2019-11-18 07:39:53.417,98.63,1.0
2019-11-18 07:39:53.437,98.63,2.0
2019-11-18 07:39:53.637,98.63,1.0
2019-11-18 07:39:53.637,98.63,2.0
2019-11-18 07:39:54.226,98.63,1.0
2019-11-18 07:39:54.237,98.63,2.0
2019-11-18 07:39:54.326,98.63,1.0
2019-11-18 07:39:54.326,98.63,5.0
2019-11-18 07:39:54.326,98.63,3.0
2019-11-18 07:39:54.336,98.63,2.0
2019-11-18 07:39:54.356,98.63,2.0
2019-11-18 07:39:54.356,98.63,2.0
2019-11-18 07:39:54.356,98.63,1.0
2019-11-18 07:39:54.367,98.63,2.0
2019-11-18 07:39:54.515,98.63,1.0
2019-11-18 07:39:54.515,98.63,5.0
2019-11-18 07:39:54.515,98.63,3.0
2019-11-18 07:39:54.515,98.63,5.0
2019-11-18 07:39:54.515,98.63,9.0
2019-11-18 07:39:54.517,98.63,4.0
2019-11-18 07:39:54.517,98.63,2.0
2019-11-18 07:39:54.517,98.63,2.0
2019-11-18 07:39:54.517,98.63,1.0
2019-11-18 07:39:54.525,98.63,1.0
2019-11-18 07:39:54.525,98.63,1.0
2019-11-18 07:39:54.525,98.63,1.0
2019-11-18 07:39:54.525,98.63,1.0
2019-11-18 07:39:54.525,98.63,1.0
2019-11-18 07:39:54.527,98.63,1.0
2019-11-18 07:39:54.527,98.63,1.0
2019-11-18 07:39:54.527,98.63,1.0
2019-11-18 07:39:54.537,98.63,1.0
2019-11-18 07:39:54.537,98.63,1.0
2019-11-18 07:39:54.537,98.63,1.0
2019-11-18 07:39:54.547,98.63,2.0
2019-11-18 07:39:54.556,98.63,2.0
2019-11-18 07:39:54.715,98.63,1.0
2019-11-18 07:39:54.715,98.63,5.0
2019-11-18 07:39:54.715,98.63,3.0
2019-11-18 07:39:54.715,98.63,1.0
2019-11-18 07:39:54.715,98.63,2.0
2019-11-18 07:39:54.727,98.63,2.0
2019-11-18 07:39:55.417,98.63,2.0
2019-11-18 07:39:55.417,98.63,8.0
2019-11-18 07:39:55.426,98.63,4.0
2019-11-18 07:39:55.426,98.63,8.0
2019-11-18 08:03:02.234,98.625,5.0
2019-11-18 08:03:20.943,98.625,5.0
2019-11-18 08:10:28.006,,1.0
2019-11-18 08:10:28.006,,1.0
2019-11-18 08:10:28.006,,1.0
2019-11-18 08:10:28.016,,1.0
2019-11-18 08:10:28.016,,1.0
2019-11-18 08:10:37.127,,6.0
2019-11-18 08:10:45.666,98.62,5.0
2019-11-18 08:12:38.262,,1.0
2019-11-18 08:13:09.423,,1.0
2019-11-18 08:13:09.433,98.62,28.0
2019-11-18 08:24:35.025,98.62,2.0
2019-11-18 08:34:06.738,98.62,5.0
2019-11-18 08:36:44.041,98.62,5.0
2019-11-18 08:36:44.222,,1.0
2019-11-18 08:46:17.073,,1.0
2019-11-18 08:49:37.928,98.62,20.0
2019-11-18 08:49:40.477,98.62,68.0
2019-11-18 08:49:40.477,98.62,1.0
2019-11-18 08:49:41.827,98.62,5.0
2019-11-18 08:57:08.150,,1.0
2019-11-18 08:57:33.119,,1.0
2019-11-18 08:59:06.838,,1.0
2019-11-18 09:00:14.378,,2.0
2019-11-18 09:03:15.006,98.62,5.0
2019-11-18 09:03:15.006,98.62,5.0
2019-11-18 09:03:15.006,98.62,4.0
2019-11-18 09:03:15.007,98.62,9.0
2019-11-18 09:03:15.027,98.62,10.0
2019-11-18 09:04:00.472,98.62,37.0
2019-11-18 09:04:00.472,98.62,54.0
2019-11-18 09:04:01.182,98.62,19.0
2019-11-18 09:04:01.192,98.62,13.0
2019-11-18 09:07:49.414,98.62,48.0
2019-11-18 09:07:49.444,98.62,11.0
2019-11-18 09:07:49.464,98.62,5.0
2019-11-18 09:07:49.484,98.62,5.0
2019-11-18 09:07:49.494,98.62,21.0
2019-11-18 09:07:49.984,98.62,8.0
2019-11-18 09:09:02.897,98.62,1.0
2019-11-18 09:13:23.105,,2.0
2019-11-18 09:19:25.661,,45.0
2019-11-18 09:19:25.661,,8.0
2019-11-18 09:19:57.950,,30.0
2019-11-18 09:21:22.317,,1.0
2019-11-18 09:21:22.357,,2.0
2019-11-18 09:21:22.357,,1.0
2019-11-18 09:21:26.786,,30.0
2019-11-18 09:21:36.135,,1.0
2019-11-18 09:22:54.504,98.62,4.0
2019-11-18 09:24:13.333,98.62,4.0
2019-11-18 09:24:13.333,98.62,16.0
2019-11-18 09:24:13.375,98.62,10.0
2019-11-18 09:24:42.151,98.62,3.0
2019-11-18 09:25:06.719,98.62,12.0
2019-11-18 09:25:40.303,98.62,3.0
2019-11-18 09:29:48.074,,1.0
2019-11-18 09:29:57.883,,1.0
2019-11-18 09:34:25.828,,2.0
2019-11-18 09:34:25.838,,27.0
2019-11-18 10:18:56.131,,1.0
2019-11-18 10:18:57.940,,1.0
2019-11-18 10:38:11.993,,1.0
2019-11-18 10:50:44.723,,2.0
2019-11-18 10:50:50.324,,1.0
2019-11-18 10:55:47.664,,5.0
2019-11-18 10:55:49.554,,2.0
2019-11-18 10:55:51.332,,5.0
2019-11-18 11:03:00.933,,2.0
2019-11-18 11:03:00.933,,1.0
2019-11-18 11:31:22.135,,2.0
2019-11-18 11:31:22.145,,1.0
2019-11-18 12:06:53.809,98.615,2.0
2019-11-18 12:06:53.829,98.615,10.0
2019-11-18 12:07:12.708,98.615,10.0
2019-11-18 12:07:12.720,98.615,8.0
2019-11-18 12:07:12.720,98.615,2.0
2019-11-18 12:09:44.927,,30.0
2019-11-18 12:09:51.975,,30.0
2019-11-18 12:15:00.612,,1.0
2019-11-18 12:15:31.510,98.615,3.0
2019-11-18 12:15:58.360,98.615,30.0
2019-11-18 12:15:58.370,98.615,7.0
2019-11-18 12:15:58.370,98.615,1.0
2019-11-18 12:15:58.370,98.615,4.0
2019-11-18 12:15:58.379,,1.0
2019-11-18 12:15:58.390,,1.0
2019-11-18 12:15:58.390,,2.0
2019-11-18 12:15:58.399,,1.0
2019-11-18 12:15:58.399,,1.0
2019-11-18 12:15:58.399,,1.0
2019-11-18 12:15:58.399,,1.0
2019-11-18 12:15:58.399,,2.0
2019-11-18 12:15:58.399,,2.0
2019-11-18 12:15:58.399,,1.0
2019-11-18 12:15:58.570,98.615,15.0
2019-11-18 12:15:58.768,,5.0
2019-11-18 12:15:59.149,,2.0
2019-11-18 12:15:59.159,,1.0
2019-11-18 12:15:59.608,,1.0
2019-11-18 12:15:59.828,,1.0
2019-11-18 12:15:59.849,,3.0
2019-11-18 12:16:03.618,98.615,60.0
2019-11-18 12:30:29.904,98.615,8.0
2019-11-18 12:30:29.914,98.615,5.0
2019-11-18 12:30:29.914,98.615,7.0
2019-11-18 12:30:29.924,98.615,26.0
2019-11-18 12:30:52.903,98.615,19.0
2019-11-18 12:30:52.922,98.615,22.0
2019-11-18 12:30:52.942,98.615,27.0
2019-11-18 12:30:52.942,98.615,12.0
2019-11-18 12:30:52.942,98.615,10.0
2019-11-18 12:30:52.952,98.615,10.0
2019-11-18 12:30:52.961,98.615,4.0
2019-11-18 12:30:53.952,98.615,5.0
2019-11-18 12:31:07.924,98.615,9.0
2019-11-18 12:31:11.482,98.615,10.0
2019-11-18 12:31:11.482,98.615,11.0
2019-11-18 12:31:44.420,98.615,31.0
2019-11-18 12:31:44.420,98.615,9.0
2019-11-18 12:31:44.420,98.615,46.0
2019-11-18 12:31:44.428,98.615,3.0
2019-11-18 12:31:44.428,98.615,18.0
2019-11-18 12:31:44.428,98.615,4.0
2019-11-18 12:31:44.430,98.615,5.0
2019-11-18 12:31:51.947,98.615,9.0
2019-11-18 12:34:56.793,98.615,5.0
2019-11-18 12:40:53.450,98.615,10.0
2019-11-18 12:40:53.460,98.615,11.0
2019-11-18 12:43:50.869,98.615,10.0
2019-11-18 12:46:03.131,98.615,1.0
2019-11-18 12:46:03.141,98.615,29.0
2019-11-18 13:05:47.999,98.615,48.0
2019-11-18 13:15:45.833,98.615,14.0
2019-11-18 13:15:55.932,98.615,6.0
2019-11-18 13:16:06.083,98.615,3.0
2019-11-18 13:18:17.490,98.615,2.0
2019-11-18 13:18:17.490,98.615,3.0
2019-11-18 13:18:17.490,98.615,1.0
2019-11-18 13:18:32.971,98.615,8.0
2019-11-18 13:19:24.792,98.62,1.0
2019-11-18 13:19:24.982,,1.0
2019-11-18 13:19:24.982,,9.0
2019-11-18 13:19:25.293,98.62,2.0
2019-11-18 13:19:25.293,98.62,57.0
2019-11-18 13:21:56.827,98.625,2.0
2019-11-18 13:22:30.888,98.63,2.0
2019-11-18 13:26:16.562,98.635,10.0
2019-11-18 13:26:16.582,98.635,166.0
2019-11-18 13:26:50.720,98.635,3.0
2019-11-18 13:26:50.731,98.635,30.0
2019-11-18 13:29:47.627,,2.0
2019-11-18 13:29:47.627,,1.0
2019-11-18 13:29:51.247,,5.0
2019-11-18 13:29:53.678,,3.0
2019-11-18 13:31:28.975,,1.0
2019-11-18 13:34:15.829,,1.0
2019-11-18 13:39:23.388,,2.0
2019-11-18 13:39:58.038,98.645,1.0
2019-11-18 13:39:58.047,98.645,25.0
2019-11-18 13:39:58.049,98.645,1.0
2019-11-18 13:52:59.870,,1.0
2019-11-18 13:52:59.870,98.635,5.0
2019-11-18 13:52:59.900,,2.0
2019-11-18 13:52:59.910,,1.0
2019-11-18 13:52:59.910,,1.0
2019-11-18 13:54:06.140,,1.0
2019-11-18 13:54:35.199,,1.0
2019-11-18 13:59:53.454,,1.0
2019-11-18 14:00:01.894,,1.0
2019-11-18 14:00:06.067,,1.0
2019-11-18 14:00:06.067,,12.0
2019-11-18 14:10:10.212,,2.0
2019-11-18 14:10:10.213,,8.0
2019-11-18 14:22:17.116,,4.0
2019-11-18 14:22:17.116,,23.0
2019-11-18 14:22:17.116,,7.0
2019-11-18 14:22:17.116,,5.0
2019-11-18 14:22:17.157,,15.0
2019-11-18 14:22:17.157,,6.0
2019-11-18 14:22:21.427,,22.0
2019-11-18 14:22:21.446,,3.0
2019-11-18 14:22:21.446,,3.0
2019-11-18 14:22:25.176,98.65,1.0
2019-11-18 14:22:25.176,98.65,1.0
2019-11-18 14:22:25.187,98.65,25.0
2019-11-18 14:22:25.377,98.65,2.0
2019-11-18 14:22:31.557,,10.0
2019-11-18 14:22:46.497,,1.0
2019-11-18 14:23:02.085,,8.0
2019-11-18 14:23:56.587,98.65,100.0
2019-11-18 14:24:09.328,,5.0
2019-11-18 14:24:28.197,98.65,50.0
2019-11-18 14:26:16.621,,10.0
2019-11-18 14:27:05.491,,10.0
2019-11-18 14:27:16.979,,10.0
2019-11-18 14:34:28.355,98.655,1.0
2019-11-18 14:34:28.355,98.655,11.0
2019-11-18 14:34:28.355,98.655,7.0
2019-11-18 14:34:28.355,98.655,1.0
2019-11-18 14:34:28.356,98.655,6.0
2019-11-18 14:35:06.740,,5.0
2019-11-18 14:36:03.306,98.655,11.0
2019-11-18 14:36:07.897,,25.0
2019-11-18 14:36:15.754,98.655,16.0
2019-11-18 14:37:37.438,,180.0
2019-11-18 14:37:37.438,,1.0
2019-11-18 14:37:37.438,,1.0
2019-11-18 14:37:37.438,,2.0
2019-11-18 14:37:37.438,,18.0
2019-11-18 14:37:37.438,,1.0
2019-11-18 14:37:37.438,,1.0
2019-11-18 14:37:37.438,,1.0
2019-11-18 14:37:37.438,,1.0
2019-11-18 14:37:37.438,,1.0
2019-11-18 14:37:37.438,,1.0
2019-11-18 14:37:37.438,,1.0
2019-11-18 14:37:37.438,,1.0
2019-11-18 14:37:37.438,,8.0
2019-11-18 14:37:37.438,,1.0
2019-11-18 14:37:37.438,,1.0
2019-11-18 14:37:37.439,,2.0
2019-11-18 14:37:37.439,,1.0
2019-11-18 14:37:37.439,,1.0
2019-11-18 14:37:37.439,,1.0
2019-11-18 14:37:37.439,,9.0
2019-11-18 14:37:37.439,,1.0
2019-11-18 14:37:37.439,,3.0
2019-11-18 14:37:37.439,,1.0
2019-11-18 14:37:37.439,,16.0
2019-11-18 14:37:37.439,,3.0
2019-11-18 14:40:22.203,98.66,9.0
2019-11-18 14:41:34.912,,19.0
2019-11-18 14:41:37.695,,6.0
2019-11-18 14:41:37.704,,41.0
2019-11-18 14:43:51.581,,4.0
2019-11-18 14:59:00.117,98.65,1.0
2019-11-18 14:59:00.118,98.65,34.0
2019-11-18 15:00:07.765,98.65,5.0
2019-11-18 15:06:33.207,,86.0
2019-11-18 15:07:22.489,98.65,5.0
2019-11-18 15:23:10.714,98.655,1.0
2019-11-18 15:23:10.734,98.655,3.0
2019-11-18 15:23:29.988,98.655,26.0
2019-11-18 15:23:29.988,98.655,1.0
2019-11-18 15:23:29.998,98.655,1.0
2019-11-18 15:23:30.008,98.655,10.0
2019-11-18 15:23:30.008,98.655,1.0
2019-11-18 15:23:30.008,98.655,7.0
2019-11-18 15:23:30.178,98.655,1.0
2019-11-18 15:23:30.178,98.655,1.0
2019-11-18 15:23:30.188,98.655,1.0
2019-11-18 15:25:36.919,98.655,7.0
2019-11-18 15:25:53.531,98.655,5.0
2019-11-18 15:25:53.532,,21.0
2019-11-18 15:25:53.532,98.655,9.0
2019-11-18 15:25:53.552,,2.0
2019-11-18 15:29:55.223,98.655,2.0
2019-11-18 15:29:55.234,98.655,1.0
2019-11-18 15:29:55.244,,24.0
2019-11-18 15:30:32.683,98.655,1.0
2019-11-18 15:31:34.936,98.655,22.0
2019-11-18 15:41:47.453,98.655,2.0
2019-11-18 15:42:31.294,98.655,1.0
2019-11-18 15:42:55.185,,2.0
2019-11-18 15:49:28.527,,1.0
2019-11-18 15:49:28.546,,20.0
2019-11-18 15:49:28.557,,1.0
2019-11-18 15:49:28.566,,9.0
2019-11-18 15:50:01.328,,3.0
2019-11-18 15:50:02.438,,22.0
2019-11-18 15:53:36.588,,10.0
2019-11-18 15:54:18.231,98.655,1.0
2019-11-18 15:54:51.602,98.655,4.0
2019-11-18 15:54:51.603,98.655,23.0
2019-11-18 15:56:46.270,98.655,10.0
2019-11-18 15:56:56.591,98.655,24.0
2019-11-18 16:03:15.402,98.655,10.0
2019-11-18 16:03:15.413,,54.0
2019-11-18 16:10:52.409,98.655,2.0
2019-11-18 16:11:53.335,98.655,30.0
2019-11-18 16:12:55.760,98.655,30.0
2019-11-18 16:19:22.469,98.655,21.0
2019-11-18 16:21:20.711,98.655,15.0
2019-11-18 16:21:55.690,98.655,14.0
2019-11-18 16:31:19.430,,40.0
2019-11-18 16:31:51.292,,5.0
2019-11-18 16:31:54.643,,5.0
2019-11-18 16:33:20.567,98.655,1.0
2019-11-18 16:38:00.366,,7.0
2019-11-18 16:46:03.115,98.655,54.0
2019-11-18 16:46:03.116,98.655,54.0
2019-11-18 16:46:03.143,98.655,18.0
2019-11-18 16:46:03.153,98.655,8.0
2019-11-18 16:46:03.173,98.655,17.0
2019-11-18 16:46:03.212,98.655,25.0
2019-11-18 16:46:03.333,98.655,25.0
2019-11-18 16:46:03.353,98.655,23.0
2019-11-18 16:56:08.748,98.655,3.0
2019-11-18 16:58:00.001,98.655,10.0
2019-11-18 17:10:12.731,,2.0
2019-11-18 17:22:18.048,98.655,10.0
2019-11-18 17:25:50.829,98.655,2.0
2019-11-18 17:25:50.840,98.655,3.0
2019-11-18 17:25:50.851,98.655,3.0
2019-11-18 17:25:51.050,98.655,8.0
2019-11-18 17:25:51.050,98.655,7.0
2019-11-18 17:33:42.356,98.655,3.0
2019-11-18 17:33:42.356,98.655,2.0
2019-11-18 17:33:42.397,,13.0
2019-11-18 17:33:42.406,98.655,6.0
2019-11-18 17:33:43.926,98.655,6.0
2019-11-18 17:36:36.935,98.655,6.0
2019-11-18 17:36:51.215,98.655,6.0
2019-11-18 17:41:48.132,,2.0
2019-11-18 17:46:19.688,98.655,7.0
2019-11-18 17:47:57.252,98.655,1.0
2019-11-18 17:52:16.933,98.655,15.0
2019-11-18 17:53:52.622,98.655,2.0
2019-11-18 17:54:03.751,98.655,9.0
2019-11-18 17:58:11.373,,1.0
2019-11-18 19:10:06.322,98.655,30.0
2019-11-18 19:15:00.371,98.65,8.0
2019-11-18 19:15:00.381,98.65,1.0
2019-11-18 19:35:49.362,98.65,225.0
2019-11-18 19:46:18.647,98.65,13.0
2019-11-18 19:59:17.068,98.65,100.0
2019-11-18 20:00:47.932,98.65,7.0
2019-11-18 20:00:47.973,98.65,20.0
2019-11-18 20:01:00.153,98.65,30.0
2019-11-18 20:01:01.862,98.65,12.0
2019-11-18 20:01:01.862,98.65,2.0
2019-11-18 20:11:49.114,98.65,2.0
2019-11-18 20:12:13.783,98.65,14.0
2019-11-18 20:12:13.793,98.65,5.0
2019-11-18 20:13:16.528,98.65,13.0
2019-11-18 20:13:47.794,98.65,10.0
2019-11-18 20:13:47.804,98.65,10.0
2019-11-18 20:13:47.814,98.65,2.0
2019-11-18 20:13:47.864,98.65,10.0
2019-11-18 20:13:48.764,98.65,6.0
2019-11-18 20:13:48.774,98.65,4.0
2019-11-18 20:14:05.221,98.65,13.0
2019-11-18 20:14:05.232,98.65,16.0
2019-11-18 20:14:05.232,98.65,1.0
2019-11-18 20:14:05.242,98.65,9.0
2019-11-18 20:14:05.242,98.65,5.0
2019-11-18 20:14:05.242,98.65,3.0
2019-11-18 20:14:05.292,98.65,9.0
2019-11-18 20:14:17.609,98.65,10.0
2019-11-18 20:14:17.620,98.65,2.0
2019-11-18 20:14:17.950,98.65,6.0
2019-11-18 20:14:19.059,98.65,4.0
2019-11-18 20:15:00.626,98.65,11.0
2019-11-18 20:15:07.334,98.65,11.0
2019-11-18 20:15:07.354,98.65,4.0
2019-11-18 20:15:07.364,98.65,1.0
2019-11-18 20:15:07.366,98.65,10.0
2019-11-18 20:15:07.374,98.65,11.0
2019-11-18 20:15:07.374,98.65,1.0
2019-11-18 20:15:07.375,98.65,7.0
2019-11-18 20:15:07.375,98.65,2.0
2019-11-18 20:15:07.375,98.65,38.0
2019-11-18 20:15:07.375,98.65,1.0
2019-11-18 20:15:07.384,98.65,2.0
2019-11-18 20:15:07.384,98.65,10.0
2019-11-18 20:15:07.384,98.65,14.0
2019-11-18 20:15:07.386,98.65,25.0
2019-11-18 20:15:07.396,98.65,2.0
2019-11-18 20:15:07.396,98.65,15.0
2019-11-18 20:15:07.405,98.65,2.0
2019-11-18 20:45:09.193,98.65,19.0
2019-11-18 20:49:44.562,98.655,2.0
2019-11-18 20:49:44.612,98.655,1.0
2019-11-18 20:50:13.722,98.655,2.0
2019-11-18 20:51:01.524,98.655,3.0
2019-11-18 20:51:01.563,98.655,3.0
2019-11-18 20:51:01.594,98.655,3.0
2019-11-18 20:51:01.633,98.655,3.0
2019-11-18 20:51:01.673,98.655,3.0
2019-11-18 20:51:01.713,98.655,3.0
2019-11-18 20:51:01.754,98.655,3.0
2019-11-18 20:51:01.784,98.655,3.0
2019-11-18 20:51:01.823,98.655,3.0
2019-11-18 20:51:01.854,98.655,3.0
2019-11-18 20:51:01.894,98.655,3.0
2019-11-18 20:51:01.922,98.655,3.0
2019-11-18 20:51:01.964,98.655,3.0
2019-11-18 20:51:01.964,98.655,2.0
2019-11-18 20:51:01.994,98.655,3.0
2019-11-18 20:51:02.023,98.655,3.0
2019-11-18 20:51:02.064,98.655,3.0
2019-11-18 20:51:02.093,98.655,3.0
2019-11-18 20:51:02.122,98.655,3.0
2019-11-18 20:51:02.163,98.655,3.0
2019-11-18 20:51:02.194,98.655,3.0
2019-11-18 20:51:02.233,98.655,3.0
2019-11-18 20:51:02.264,98.655,3.0
2019-11-18 20:51:02.304,98.655,3.0
2019-11-18 20:51:02.333,98.655,3.0
2019-11-18 20:51:02.373,98.655,3.0
2019-11-18 20:51:02.404,98.655,3.0
2019-11-18 20:51:02.443,98.655,3.0
2019-11-18 20:51:02.473,98.655,3.0
2019-11-18 20:51:02.504,98.655,3.0
2019-11-18 20:51:02.773,98.655,3.0
2019-11-18 20:51:02.953,98.655,3.0
2019-11-18 20:51:03.784,98.655,3.0
2019-11-18 20:51:03.812,98.655,3.0
2019-11-18 20:51:03.843,98.655,3.0
2019-11-18 20:51:03.883,98.655,3.0
2019-11-18 20:51:03.913,98.655,3.0
2019-11-18 20:51:03.943,98.655,3.0
2019-11-18 20:51:03.973,98.655,3.0
2019-11-18 20:51:04.013,98.655,3.0
2019-11-18 20:51:04.053,98.655,3.0
2019-11-18 20:51:04.094,98.655,3.0
2019-11-18 20:51:04.123,98.655,3.0
2019-11-18 20:51:04.153,98.655,3.0
2019-11-18 20:51:04.184,98.655,3.0
2019-11-18 20:51:04.223,98.655,3.0
2019-11-18 20:51:04.254,98.655,3.0
2019-11-18 20:51:04.294,98.655,3.0
2019-11-18 20:51:04.323,98.655,3.0
2019-11-18 20:51:04.354,98.655,3.0
2019-11-18 20:51:04.883,98.655,3.0
2019-11-18 20:51:04.913,98.655,3.0
2019-11-18 20:51:04.953,98.655,2.0
2019-11-18 20:51:04.984,98.655,2.0
2019-11-18 20:51:05.054,98.655,1.0
2019-11-18 20:51:05.913,98.655,3.0
2019-11-18 20:51:06.432,98.655,24.0
2019-11-18 20:51:06.443,98.655,3.0
2019-11-18 20:51:06.483,98.655,3.0
2019-11-18 20:51:07.775,98.655,3.0
2019-11-18 20:51:07.783,98.655,11.0
2019-11-18 20:52:45.586,98.655,75.0
2019-11-18 21:02:42.963,98.65,125.0
2019-11-18 21:02:42.973,98.65,3.0
2019-11-18 21:02:42.981,98.65,2.0
2019-11-18 21:02:42.981,98.65,1.0
2019-11-18 21:02:42.981,98.65,95.0
2019-11-18 21:02:42.981,98.65,1.0
2019-11-18 21:02:42.982,98.65,1.0
2019-11-18 21:02:42.992,98.65,20.0
2019-11-18 21:02:43.113,98.65,11.0
2019-11-18 21:32:18.303,98.65,25.0
2019-11-18 21:55:30.528,98.645,11.0
2019-11-18 21:56:45.388,98.65,1.0
2019-11-18 21:56:45.399,98.65,10.0
2019-11-18 21:56:45.418,98.65,4.0
2019-11-19 02:00:59.657,98.65,1.0
2019-11-19 02:01:00.559,98.65,1.0
2019-11-19 02:01:03.197,98.65,1.0
2019-11-19 02:01:06.727,98.65,1.0
2019-11-19 02:01:09.377,98.65,1.0
2019-11-19 02:01:12.028,98.65,1.0
2019-11-19 02:01:22.056,98.65,1.0
2019-11-19 02:01:22.895,98.65,1.0
2019-11-19 02:15:41.648,98.65,3.0
2019-11-19 02:15:42.650,98.65,3.0
2019-11-19 02:15:43.540,98.65,2.0
2019-11-19 03:11:07.214,98.645,1.0
2019-11-19 03:52:52.542,98.645,1.0
2019-11-19 04:31:25.617,98.645,1.0
2019-11-19 04:32:52.042,98.645,1.0
2019-11-19 04:32:53.110,98.645,1.0
2019-11-19 05:13:54.466,98.645,50.0
2019-11-19 05:49:57.106,98.645,1.0
2019-11-19 05:49:57.376,98.645,1.0
2019-11-19 05:50:00.905,98.645,1.0
2019-11-19 06:01:47.298,98.645,2.0
2019-11-19 06:01:48.178,98.645,1.0
2019-11-19 06:01:50.889,98.645,1.0
2019-11-19 06:03:09.399,98.645,1.0
2019-11-19 06:03:10.289,98.645,1.0
2019-11-19 06:06:06.010,98.645,1.0
2019-11-19 06:06:06.429,98.645,1.0
2019-11-19 06:09:20.469,98.645,1.0
2019-11-19 06:11:24.417,98.645,4.0
2019-11-19 06:24:59.139,98.64,2.0
2019-11-19 06:37:28.556,98.635,19.0
2019-11-19 06:37:28.566,98.635,1.0
2019-11-19 06:37:28.566,98.635,1.0
2019-11-19 06:37:28.566,98.635,1.0
2019-11-19 06:37:28.566,98.635,16.0
2019-11-19 07:07:52.087,98.64,6.0
2019-11-19 07:15:17.632,98.64,6.0
2019-11-19 07:18:04.190,98.635,6.0
2019-11-19 07:18:04.192,98.635,6.0
2019-11-19 07:18:04.221,,14.0
2019-11-19 07:18:04.221,98.635,4.0
2019-11-19 07:35:32.981,,20.0
2019-11-19 07:42:35.152,98.635,6.0
2019-11-19 08:12:11.127,98.635,1.0
2019-11-19 08:12:11.167,98.635,45.0
2019-11-19 08:33:01.059,98.63,5.0
2019-11-19 08:43:47.072,98.63,5.0
2019-11-19 08:47:06.147,98.63,24.0
2019-11-19 08:47:06.156,98.63,19.0
2019-11-19 08:47:06.156,98.63,43.0
2019-11-19 08:47:06.167,98.63,16.0
2019-11-19 08:48:08.522,98.63,10.0
2019-11-19 09:00:00.342,98.63,10.0
2019-11-19 09:03:31.660,98.625,2.0
2019-11-19 09:13:42.742,98.63,10.0
2019-11-19 09:26:40.235,98.63,15.0
2019-11-19 09:32:23.167,98.63,15.0
2019-11-19 09:38:05.971,98.63,5.0
2019-11-19 10:59:46.638,98.63,134.0
2019-11-19 10:59:46.658,98.63,5.0
2019-11-19 11:02:33.649,98.63,21.0
2019-11-19 11:26:03.078,98.635,12.0
2019-11-19 11:26:03.089,98.635,5.0
2019-11-19 11:30:02.190,98.635,20.0
2019-11-19 11:30:02.210,98.635,5.0
2019-11-19 11:38:20.289,98.635,45.0
2019-11-19 11:40:21.895,98.635,14.0
2019-11-19 11:50:18.110,98.635,19.0
2019-11-19 11:50:18.130,98.635,17.0
2019-11-19 12:04:18.858,98.64,6.0
2019-11-19 12:04:18.858,98.64,7.0
2019-11-19 12:10:58.361,98.64,5.0
2019-11-19 12:48:50.874,98.64,1.0
2019-11-19 13:02:41.508,,2.0
2019-11-19 13:28:47.859,98.645,3.0
2019-11-19 13:29:27.808,98.645,10.0
2019-11-19 13:32:21.587,98.645,2.0
2019-11-19 13:32:21.587,98.645,1.0
2019-11-19 13:32:21.587,98.645,10.0
2019-11-19 13:32:22.618,,1.0
2019-11-19 13:32:26.678,,2.0
2019-11-19 13:34:09.857,98.645,1.0
2019-11-19 13:34:09.857,98.645,1.0
2019-11-19 13:34:09.867,98.645,1.0
2019-11-19 13:34:09.878,98.645,1.0
2019-11-19 13:34:17.969,98.645,1.0
2019-11-19 13:34:17.969,98.645,1.0
2019-11-19 13:37:37.679,98.645,34.0
2019-11-19 13:37:37.699,,2.0
2019-11-19 13:37:37.739,,1.0
2019-11-19 13:37:37.799,,1.0
2019-11-19 13:37:37.858,,1.0
2019-11-19 13:37:38.728,,1.0
2019-11-19 13:37:38.728,,2.0
2019-11-19 13:38:09.715,98.645,6.0
2019-11-19 13:39:36.849,98.645,5.0
2019-11-19 13:40:08.946,98.645,61.0
2019-11-19 13:40:39.482,,5.0
2019-11-19 13:40:39.683,98.645,3.0
2019-11-19 13:40:39.692,98.645,4.0
2019-11-19 13:42:42.353,98.65,1.0
2019-11-19 13:42:42.353,98.65,2.0
2019-11-19 13:42:42.354,98.65,2.0
2019-11-19 13:42:42.364,98.65,2.0
2019-11-19 13:42:42.364,98.65,2.0
2019-11-19 13:42:42.364,98.65,2.0
2019-11-19 13:42:42.384,98.65,24.0
2019-11-19 13:54:35.913,,1.0
2019-11-19 13:57:06.042,,2.0
2019-11-19 13:57:10.162,,1.0
2019-11-19 13:57:17.221,,1.0
2019-11-19 13:57:29.901,,1.0
2019-11-19 13:59:20.966,,1.0
2019-11-19 13:59:20.966,,1.0
2019-11-19 13:59:42.484,,2.0
2019-11-19 13:59:55.302,,1.0
2019-11-19 13:59:55.422,,1.0
2019-11-19 14:00:00.542,,4.0
2019-11-19 14:00:00.552,,1.0
2019-11-19 14:00:13.842,98.645,1.0
2019-11-19 14:00:13.872,98.645,1.0
2019-11-19 14:00:13.892,98.645,6.0
2019-11-19 14:00:13.961,98.645,7.0
2019-11-19 14:00:57.250,,2.0
2019-11-19 14:02:23.525,,3.0
2019-11-19 14:02:28.923,98.645,5.0
2019-11-19 14:02:30.784,98.645,2.0
2019-11-19 14:02:30.895,98.645,10.0
2019-11-19 14:02:31.024,98.645,6.0
2019-11-19 14:02:31.823,98.645,6.0
2019-11-19 14:02:43.532,,1.0
2019-11-19 14:02:46.832,,1.0
2019-11-19 14:02:48.763,,1.0
2019-11-19 14:03:18.350,98.645,7.0
2019-11-19 14:03:18.360,98.645,3.0
2019-11-19 14:03:18.360,98.645,4.0
2019-11-19 14:03:18.370,98.645,4.0
2019-11-19 14:03:38.019,98.645,1.0
2019-11-19 14:03:43.738,,1.0
2019-11-19 14:03:43.738,,1.0
2019-11-19 14:04:09.557,98.645,90.0
2019-11-19 14:04:10.777,,8.0
2019-11-19 14:04:10.787,98.645,1.0
2019-11-19 14:04:10.787,98.645,2.0
2019-11-19 14:04:17.955,,1.0
2019-11-19 14:04:18.176,,1.0
2019-11-19 14:04:33.323,,5.0
2019-11-19 14:04:35.814,98.645,8.0
2019-11-19 14:10:58.006,98.65,78.0
2019-11-19 14:10:58.006,98.65,88.0
2019-11-19 14:10:58.065,98.65,5.0
2019-11-19 14:10:58.067,98.65,6.0
2019-11-19 14:10:58.067,98.65,24.0
2019-11-19 14:10:58.076,98.65,5.0
2019-11-19 14:10:58.085,98.65,1.0
2019-11-19 14:10:58.085,98.65,1.0
2019-11-19 14:10:58.086,98.65,1.0
2019-11-19 14:10:58.247,98.65,5.0
2019-11-19 14:10:58.256,98.65,6.0
2019-11-19 14:10:58.377,98.65,81.0
2019-11-19 14:10:58.377,98.65,4.0
2019-11-19 14:10:58.396,98.65,10.0
2019-11-19 14:11:56.535,,1.0
2019-11-19 14:14:29.117,,6.0
2019-11-19 14:14:29.136,98.65,8.0
2019-11-19 14:14:29.136,98.65,8.0
2019-11-19 14:14:29.136,98.65,2.0
2019-11-19 14:14:30.467,98.65,8.0
2019-11-19 14:14:30.467,98.65,8.0
2019-11-19 14:14:30.475,98.65,8.0
2019-11-19 14:14:30.475,98.65,2.0
2019-11-19 14:14:30.487,98.65,8.0
2019-11-19 14:14:31.867,98.65,8.0
2019-11-19 14:14:31.877,98.65,8.0
2019-11-19 14:18:48.178,98.65,3.0
2019-11-19 14:31:14.982,98.65,2.0
2019-11-19 14:31:14.982,98.65,8.0
2019-11-19 14:31:14.982,98.65,3.0
2019-11-19 14:31:14.982,98.65,2.0
2019-11-19 14:31:14.982,98.65,3.0
2019-11-19 14:31:14.982,98.65,3.0
2019-11-19 14:31:14.982,98.65,1.0
2019-11-19 14:31:14.982,98.65,1.0
2019-11-19 14:36:14.214,,1.0
2019-11-19 14:36:14.493,,1.0
2019-11-19 14:37:34.784,,9.0
2019-11-19 14:37:35.143,,6.0
2019-11-19 14:37:41.272,,30.0
2019-11-19 14:38:00.843,,2.0
2019-11-19 14:38:00.854,,1.0
2019-11-19 14:38:07.015,,8.0
2019-11-19 14:38:07.015,,1.0
2019-11-19 14:38:07.075,,1.0
2019-11-19 14:38:09.295,,2.0
2019-11-19 14:38:09.355,,26.0
2019-11-19 14:38:18.513,98.65,500.0
2019-11-19 14:38:33.834,,1.0
2019-11-19 14:38:33.844,,47.0
2019-11-19 14:38:33.864,,4.0
2019-11-19 14:41:54.432,,10.0
2019-11-19 14:41:54.432,,147.0
2019-11-19 14:41:54.432,,11.0
2019-11-19 14:41:54.432,,4.0
2019-11-19 14:41:54.434,,8.0
2019-11-19 14:41:55.053,,9.0
2019-11-19 14:42:25.478,98.655,2.0
2019-11-19 14:43:35.103,,11.0
2019-11-19 14:53:43.024,,15.0
2019-11-19 14:59:16.412,98.655,20.0
2019-11-19 14:59:16.412,98.655,4.0
2019-11-19 14:59:16.412,98.655,1.0
2019-11-19 14:59:16.414,98.655,8.0
2019-11-19 15:01:50.950,98.655,10.0
2019-11-19 15:04:14.890,98.655,13.0
2019-11-19 15:04:36.052,98.655,1.0
2019-11-19 15:04:36.061,98.655,7.0
2019-11-19 15:04:36.061,98.655,1.0
2019-11-19 15:04:36.072,98.655,1.0
2019-11-19 15:04:46.453,98.655,1.0
2019-11-19 15:04:46.453,98.655,13.0
2019-11-19 15:04:46.462,98.655,4.0
2019-11-19 15:04:46.462,98.655,1.0
2019-11-19 15:04:46.462,98.655,21.0
2019-11-19 15:04:46.462,98.655,16.0
2019-11-19 15:04:46.463,98.655,1.0
2019-11-19 15:04:46.463,98.655,2.0
2019-11-19 15:04:46.463,98.655,1.0
2019-11-19 15:04:52.624,98.655,2.0
2019-11-19 15:04:52.633,98.655,18.0
2019-11-19 15:05:00.715,98.655,1.0
2019-11-19 15:05:17.394,98.655,7.0
2019-11-19 15:05:52.026,,2.0
2019-11-19 15:11:15.482,98.65,35.0
2019-11-19 15:11:15.482,98.65,1.0
2019-11-19 15:11:15.532,98.65,5.0
2019-11-19 15:12:40.200,98.655,20.0
2019-11-19 15:14:15.589,98.655,5.0
2019-11-19 15:14:15.589,98.655,5.0
2019-11-19 15:14:15.600,98.655,25.0
2019-11-19 15:14:15.760,98.655,24.0
2019-11-19 15:14:31.951,98.655,4.0
2019-11-19 15:14:32.011,98.655,10.0
2019-11-19 15:14:32.011,98.655,9.0
2019-11-19 15:14:32.020,98.655,10.0
2019-11-19 15:14:32.021,98.655,4.0
2019-11-19 15:16:34.279,98.66,3.0
2019-11-19 15:20:59.171,98.655,120.0
2019-11-19 15:21:30.953,98.655,2.0
2019-11-19 15:21:30.963,98.655,1.0
2019-11-19 15:21:30.973,98.655,2.0
2019-11-19 15:21:30.983,98.655,33.0
2019-11-19 15:21:31.043,98.655,14.0
2019-11-19 15:22:27.907,98.655,9.0
2019-11-19 15:22:34.017,,1.0
2019-11-19 15:22:34.457,,1.0
2019-11-19 15:23:01.550,,1.0
2019-11-19 15:28:50.728,98.655,5.0
2019-11-19 15:29:26.462,98.655,2.0
2019-11-19 15:30:09.584,,1.0
2019-11-19 15:31:52.135,98.655,1.0
2019-11-19 15:31:52.145,98.655,1.0
2019-11-19 15:31:57.968,98.655,1.0
2019-11-19 15:33:28.331,98.655,1.0
2019-11-19 15:33:28.442,98.655,1.0
2019-11-19 15:34:24.400,98.66,1.0
2019-11-19 15:36:31.450,,11.0
2019-11-19 15:36:53.810,98.66,1.0
2019-11-19 15:36:55.139,98.66,8.0
2019-11-19 15:36:55.439,,1.0
2019-11-19 15:37:01.150,98.66,1.0
2019-11-19 15:37:03.401,98.66,14.0
2019-11-19 15:37:05.931,,28.0
2019-11-19 15:37:11.430,98.66,1.0
2019-11-19 15:37:34.219,,2.0
2019-11-19 15:37:59.589,,5.0
2019-11-19 15:47:24.838,98.66,3.0
2019-11-19 15:48:28.248,98.66,1.0
2019-11-19 15:48:41.763,98.66,7.0
2019-11-19 15:48:41.774,98.66,3.0
2019-11-19 15:49:35.225,,15.0
2019-11-19 15:49:35.236,,2.0
2019-11-19 15:49:38.515,,15.0
2019-11-19 15:49:38.515,,5.0
2019-11-19 15:50:03.796,,13.0
2019-11-19 15:51:16.526,,5.0
2019-11-19 15:51:16.536,,3.0
2019-11-19 15:51:41.759,98.665,307.0
2019-11-19 15:51:42.099,,2.0
2019-11-19 15:51:42.229,98.67,1.0
2019-11-19 15:51:42.229,98.67,1.0
2019-11-19 15:52:29.085,,1.0
2019-11-19 15:52:35.875,,1.0
2019-11-19 15:52:37.115,,1.0
2019-11-19 15:52:39.715,,1.0
2019-11-19 15:52:39.906,98.67,4.0
2019-11-19 15:52:39.917,98.67,10.0
2019-11-19 15:52:41.615,,216.0
2019-11-19 15:53:03.447,,2.0
2019-11-19 15:53:33.862,,2.0
2019-11-19 15:53:47.261,98.665,9.0
2019-11-19 15:59:07.417,,5.0
2019-11-19 16:03:23.142,98.665,15.0
2019-11-19 16:03:29.012,98.665,1.0
2019-11-19 16:03:29.021,98.665,1.0
2019-11-19 16:03:29.021,98.665,1.0
2019-11-19 16:03:29.021,98.665,1.0
2019-11-19 16:03:29.021,98.665,1.0
2019-11-19 16:03:29.021,98.665,1.0
2019-11-19 16:03:29.022,98.665,1.0
2019-11-19 16:03:29.031,98.665,1.0
2019-11-19 16:03:29.031,98.665,1.0
2019-11-19 16:03:29.041,98.665,1.0
2019-11-19 16:03:29.041,98.665,1.0
2019-11-19 16:03:29.042,98.665,1.0
2019-11-19 16:03:29.042,98.665,1.0
2019-11-19 16:03:29.042,98.665,1.0
2019-11-19 16:03:29.051,98.665,1.0
2019-11-19 16:03:29.051,98.665,1.0
2019-11-19 16:03:29.051,98.665,1.0
2019-11-19 16:03:29.052,98.665,1.0
2019-11-19 16:03:29.052,98.665,1.0
2019-11-19 16:03:29.052,98.665,1.0
2019-11-19 16:03:29.061,98.665,1.0
2019-11-19 16:03:29.061,98.665,1.0
2019-11-19 16:03:29.061,98.665,1.0
2019-11-19 16:03:29.063,98.665,1.0
2019-11-19 16:03:29.063,98.665,1.0
2019-11-19 16:03:29.071,98.665,1.0
2019-11-19 16:03:29.071,98.665,1.0
2019-11-19 16:03:29.071,98.665,1.0
2019-11-19 16:03:29.072,98.665,1.0
2019-11-19 16:03:29.072,98.665,1.0
2019-11-19 16:03:29.692,98.665,15.0
2019-11-19 16:15:05.790,98.665,1.0
2019-11-19 16:15:05.800,98.665,14.0
2019-11-19 16:31:01.119,98.665,10.0
2019-11-19 16:38:40.484,98.66,4.0
2019-11-19 16:38:40.484,98.66,3.0
2019-11-19 16:38:40.486,98.66,7.0
2019-11-19 16:38:40.486,98.66,30.0
2019-11-19 16:38:41.724,98.66,51.0
2019-11-19 16:38:41.754,98.66,5.0
2019-11-19 16:38:41.765,98.66,170.0
2019-11-19 16:39:13.999,,1.0
2019-11-19 16:39:14.020,,35.0
2019-11-19 16:40:20.506,98.66,4.0
2019-11-19 16:40:20.536,98.66,28.0
2019-11-19 16:40:29.456,98.66,9.0
2019-11-19 16:40:29.596,98.66,1.0
2019-11-19 16:42:22.354,98.66,70.0
2019-11-19 16:42:22.364,,30.0
2019-11-19 16:42:38.314,98.66,105.0
2019-11-19 16:47:01.233,98.66,7.0
2019-11-19 16:50:30.903,98.66,15.0
2019-11-19 16:50:33.130,98.66,39.0
2019-11-19 16:55:01.656,98.66,54.0
2019-11-19 16:55:09.056,98.66,6.0
2019-11-19 16:59:25.515,98.66,109.0
2019-11-19 16:59:25.593,98.66,3.0
2019-11-19 16:59:25.595,98.66,1.0
2019-11-19 17:05:11.188,98.665,2.0
2019-11-19 17:05:11.209,98.665,8.0
2019-11-19 17:26:54.635,98.665,84.0
2019-11-19 17:26:54.635,98.665,41.0
2019-11-19 18:03:12.323,98.67,1.0
2019-11-19 18:27:29.942,,1.0
2019-11-19 18:48:13.905,,1.0
2019-11-19 18:48:37.814,,1.0
2019-11-19 18:48:37.974,,1.0
2019-11-19 18:48:42.034,,1.0
2019-11-19 18:48:42.054,,22.0
2019-11-19 19:08:49.685,98.665,3.0
2019-11-19 19:08:49.693,98.665,58.0
2019-11-19 19:29:05.308,98.665,5.0
2019-11-19 19:29:05.329,98.665,2.0
2019-11-19 19:29:15.510,98.665,6.0
2019-11-19 19:29:15.519,98.665,6.0
2019-11-19 19:29:15.519,98.665,35.0
2019-11-19 19:29:15.549,98.665,10.0
2019-11-19 19:33:05.232,98.665,15.0
2019-11-19 20:13:04.815,98.665,46.0
2019-11-19 20:16:23.179,98.665,1.0
2019-11-19 20:20:15.297,98.665,1.0
2019-11-19 20:22:29.146,98.665,3.0
2019-11-19 20:24:28.600,98.665,7.0
2019-11-19 20:24:28.600,98.665,5.0
2019-11-19 20:24:28.600,98.665,5.0
2019-11-19 20:24:28.600,98.665,7.0
2019-11-19 20:24:28.630,98.665,5.0
2019-11-19 20:25:09.023,98.665,3.0
2019-11-19 20:29:55.181,98.665,2.0
2019-11-19 20:33:56.353,98.665,6.0
2019-11-19 20:36:18.014,98.665,1.0
2019-11-19 20:36:18.014,98.665,5.0
2019-11-19 23:03:14.178,98.67,1.0
2019-11-20 01:58:22.570,,47.0
2019-11-20 02:00:56.736,98.69,2.0
2019-11-20 02:00:56.736,,2.0
2019-11-20 02:00:56.745,,88.0
2019-11-20 04:40:48.377,98.685,1.0
2019-11-20 04:40:48.377,98.685,1.0
2019-11-20 04:41:48.114,98.685,1.0
2019-11-20 04:41:48.122,98.685,1.0
2019-11-20 04:41:48.122,98.685,1.0
2019-11-20 04:41:48.122,98.685,1.0
2019-11-20 04:41:48.122,98.685,1.0
2019-11-20 04:41:48.122,98.685,1.0
2019-11-20 04:41:48.122,98.685,1.0
2019-11-20 04:41:48.122,98.685,1.0
2019-11-20 04:41:48.122,98.685,1.0
2019-11-20 04:41:48.122,98.685,1.0
2019-11-20 04:41:48.122,98.685,1.0
2019-11-20 04:41:48.122,98.685,1.0
2019-11-20 04:41:48.122,98.685,1.0
2019-11-20 04:41:48.122,98.685,1.0
2019-11-20 04:41:48.122,98.685,1.0
2019-11-20 04:41:48.122,98.685,1.0
2019-11-20 04:41:48.122,98.685,1.0
2019-11-20 04:41:48.122,98.685,1.0
2019-11-20 04:41:48.122,98.685,1.0
2019-11-20 04:41:48.122,98.685,1.0
2019-11-20 04:41:48.122,98.685,1.0
2019-11-20 04:41:48.122,98.685,1.0
2019-11-20 04:41:48.122,98.685,1.0
2019-11-20 04:41:48.122,98.685,1.0
2019-11-20 04:41:48.122,98.685,1.0
2019-11-20 04:41:48.122,98.685,1.0
2019-11-20 04:41:48.122,98.685,1.0
2019-11-20 04:41:48.122,98.685,1.0
2019-11-20 04:41:48.122,98.685,1.0
2019-11-20 04:41:48.122,98.685,1.0
2019-11-20 04:41:48.122,98.685,1.0
2019-11-20 04:41:48.122,98.685,1.0
2019-11-20 04:41:48.123,98.685,1.0
2019-11-20 04:41:48.123,98.685,1.0
2019-11-20 04:41:48.123,98.685,1.0
2019-11-20 04:48:27.620,98.685,5.0
2019-11-20 05:31:01.076,98.685,21.0
2019-11-20 05:31:01.096,98.685,10.0
2019-11-20 05:31:01.106,98.685,10.0
2019-11-20 05:31:01.106,98.685,2.0
2019-11-20 05:31:01.115,98.685,6.0
2019-11-20 05:31:01.115,98.685,7.0
2019-11-20 05:31:01.117,98.685,4.0
2019-11-20 05:31:06.416,98.685,1.0
2019-11-20 05:35:32.029,98.685,2.0
2019-11-20 05:47:25.700,98.685,1.0
2019-11-20 05:54:23.982,98.685,3.0
2019-11-20 06:33:34.670,98.685,3.0
2019-11-20 07:42:38.777,98.69,1.0
2019-11-20 07:45:12.500,98.69,1.0
2019-11-20 07:57:48.125,98.69,1.0
2019-11-20 08:03:55.778,98.69,5.0
2019-11-20 08:04:45.862,98.69,5.0
2019-11-20 08:31:55.926,98.69,5.0
2019-11-20 08:51:22.613,98.69,5.0
2019-11-20 08:51:22.613,98.69,4.0
2019-11-20 08:51:22.613,98.69,2.0
2019-11-20 08:53:02.191,98.69,200.0
2019-11-20 08:53:02.201,98.69,50.0
2019-11-20 08:53:02.211,98.69,10.0
2019-11-20 08:56:42.134,98.69,10.0
2019-11-20 08:56:42.153,98.69,3.0
2019-11-20 09:04:38.340,98.69,5.0
2019-11-20 09:04:38.359,98.69,2.0
2019-11-20 09:36:27.204,98.685,5.0
2019-11-20 09:43:07.952,98.685,5.0
2019-11-20 09:43:07.962,98.685,10.0
2019-11-20 09:46:44.735,98.685,5.0
2019-11-20 09:55:13.255,98.685,19.0
2019-11-20 10:35:46.063,98.685,5.0
2019-11-20 10:57:54.316,98.685,5.0
2019-11-20 11:02:35.747,98.685,5.0
2019-11-20 11:09:01.707,98.69,15.0
2019-11-20 11:15:29.181,98.69,5.0
2019-11-20 11:26:03.072,98.69,3.0
2019-11-20 11:26:04.073,98.69,4.0
2019-11-20 11:31:15.589,98.69,5.0
2019-11-20 11:31:15.599,98.69,10.0
2019-11-20 12:03:35.405,98.685,5.0
2019-11-20 12:13:14.798,,1.0
2019-11-20 12:13:14.818,,1.0
2019-11-20 12:13:14.838,,43.0
2019-11-20 12:13:34.119,98.685,10.0
2019-11-20 12:13:34.128,98.685,4.0
2019-11-20 12:13:34.139,98.685,5.0
2019-11-20 12:13:34.148,98.685,5.0
2019-11-20 12:14:32.117,,5.0
2019-11-20 12:22:39.228,,2.0
2019-11-20 12:22:39.238,,13.0
2019-11-20 12:32:18.565,98.685,50.0
2019-11-20 12:32:18.565,98.685,4.0
2019-11-20 12:32:47.684,98.685,25.0
2019-11-20 12:37:02.581,98.685,5.0
2019-11-20 12:38:08.786,98.69,1.0
2019-11-20 12:38:13.418,98.69,41.0
2019-11-20 12:38:13.428,98.69,4.0
2019-11-20 12:38:13.436,98.69,11.0
2019-11-20 12:38:13.436,98.69,1.0
2019-11-20 12:38:13.436,98.69,1.0
2019-11-20 12:38:13.437,98.69,2.0
2019-11-20 12:38:13.437,98.69,1.0
2019-11-20 12:38:13.437,98.69,2.0
2019-11-20 12:38:13.437,98.69,2.0
2019-11-20 12:38:13.467,98.69,30.0
2019-11-20 12:38:13.467,98.69,14.0
2019-11-20 12:38:13.467,98.69,4.0
2019-11-20 12:38:13.487,98.69,5.0
2019-11-20 12:38:13.508,98.69,46.0
2019-11-20 12:38:13.508,98.69,24.0
2019-11-20 12:38:13.518,98.69,10.0
2019-11-20 12:38:13.526,98.69,14.0
2019-11-20 12:38:13.526,98.69,5.0
2019-11-20 12:38:13.846,98.69,3.0
2019-11-20 12:38:13.846,98.69,1.0
2019-11-20 12:38:13.846,98.69,1.0
2019-11-20 12:38:13.846,98.69,1.0
2019-11-20 12:38:13.846,98.69,1.0
2019-11-20 12:38:13.846,98.69,1.0
2019-11-20 12:38:13.846,98.69,1.0
2019-11-20 12:38:13.848,98.69,1.0
2019-11-20 12:38:13.848,98.69,1.0
2019-11-20 12:38:13.848,98.69,1.0
2019-11-20 12:38:13.848,98.69,1.0
2019-11-20 12:38:13.858,98.69,2.0
2019-11-20 12:38:13.858,98.69,1.0
2019-11-20 12:38:14.337,98.69,1.0
2019-11-20 12:38:18.867,98.69,2.0
2019-11-20 12:38:18.875,98.69,2.0
2019-11-20 12:38:18.875,98.69,2.0
2019-11-20 12:38:18.875,98.69,2.0
2019-11-20 12:38:18.877,98.69,2.0
2019-11-20 12:38:18.877,98.69,5.0
2019-11-20 12:38:18.877,98.69,1.0
2019-11-20 12:38:36.875,98.69,30.0
2019-11-20 12:38:36.895,98.69,1.0
2019-11-20 12:38:37.955,98.69,6.0
2019-11-20 12:41:52.730,98.695,8.0
2019-11-20 12:41:54.811,98.695,2.0
2019-11-20 12:41:54.821,98.695,2.0
2019-11-20 12:41:54.821,98.695,4.0
2019-11-20 12:41:54.829,98.695,27.0
2019-11-20 12:41:54.829,98.695,5.0
2019-11-20 12:41:54.829,98.695,2.0
2019-11-20 12:41:54.831,98.695,8.0
2019-11-20 12:41:55.980,98.695,2.0
2019-11-20 12:41:59.001,98.695,5.0
2019-11-20 12:41:59.011,98.695,3.0
2019-11-20 12:41:59.011,98.695,6.0
2019-11-20 12:42:00.240,98.695,26.0
2019-11-20 12:42:02.200,98.695,9.0
2019-11-20 12:42:05.000,98.695,11.0
2019-11-20 12:42:05.000,98.695,2.0
2019-11-20 12:42:05.010,98.695,32.0
2019-11-20 12:42:05.010,98.695,2.0
2019-11-20 12:42:05.020,,95.0
2019-11-20 12:42:05.051,98.695,6.0
2019-11-20 12:42:36.058,98.695,13.0
2019-11-20 12:42:55.787,98.695,1.0
2019-11-20 12:42:57.698,98.695,5.0
2019-11-20 12:42:57.737,98.695,5.0
2019-11-20 12:45:03.966,,1.0
2019-11-20 12:45:03.966,,1.0
2019-11-20 12:45:03.966,,11.0
2019-11-20 12:45:03.966,,1.0
2019-11-20 12:45:03.966,,1.0
2019-11-20 12:45:03.966,,2.0
2019-11-20 12:45:03.966,,1.0
2019-11-20 12:45:03.966,,1.0
2019-11-20 12:45:03.966,,1.0
2019-11-20 12:46:33.537,98.695,75.0
2019-11-20 12:46:56.635,98.695,73.0
2019-11-20 12:46:56.645,98.695,30.0
2019-11-20 12:46:56.905,,1.0
2019-11-20 12:46:56.925,,1.0
2019-11-20 12:46:56.934,,1.0
2019-11-20 12:46:57.674,98.695,5.0
2019-11-20 12:46:57.674,,30.0
2019-11-20 12:47:01.314,,25.0
2019-11-20 12:47:13.724,,5.0
2019-11-20 12:50:21.618,98.69,11.0
2019-11-20 12:50:21.630,98.69,8.0
2019-11-20 12:50:24.108,98.69,5.0
2019-11-20 12:50:27.748,98.69,22.0
2019-11-20 12:53:07.792,,10.0
2019-11-20 12:54:07.759,,25.0
2019-11-20 12:57:06.321,,1.0
2019-11-20 12:59:42.487,,1.0
2019-11-20 12:59:49.406,,2.0
2019-11-20 12:59:52.085,98.695,15.0
2019-11-20 12:59:52.094,98.695,20.0
2019-11-20 12:59:52.094,98.695,1.0
2019-11-20 12:59:52.094,98.695,1.0
2019-11-20 12:59:52.094,98.695,1.0
2019-11-20 12:59:52.095,98.695,1.0
2019-11-20 12:59:52.095,98.695,1.0
2019-11-20 12:59:52.095,98.695,1.0
2019-11-20 12:59:52.095,98.695,2.0
2019-11-20 12:59:52.104,98.695,1.0
2019-11-20 12:59:52.104,98.695,1.0
2019-11-20 12:59:52.104,98.695,1.0
2019-11-20 12:59:52.104,98.695,1.0
2019-11-20 12:59:52.104,98.695,1.0
2019-11-20 12:59:52.104,98.695,1.0
2019-11-20 12:59:52.104,98.695,1.0
2019-11-20 12:59:52.104,98.695,40.0
2019-11-20 12:59:52.106,98.695,2.0
2019-11-20 13:00:02.916,,3.0
2019-11-20 13:00:04.667,,1.0
2019-11-20 13:00:04.677,,1.0
2019-11-20 13:01:08.938,,1.0
2019-11-20 13:02:43.690,,10.0
2019-11-20 13:05:34.471,,1.0
2019-11-20 13:05:34.551,,1.0
2019-11-20 13:05:35.631,,1.0
2019-11-20 13:05:36.671,,1.0
2019-11-20 13:05:42.079,,16.0
2019-11-20 13:05:59.628,98.695,5.0
2019-11-20 13:10:14.831,,26.0
2019-11-20 13:19:04.732,98.69,5.0
2019-11-20 13:20:19.438,,2.0
2019-11-20 13:20:23.997,,1.0
2019-11-20 13:21:13.104,98.69,12.0
2019-11-20 13:24:38.146,,1.0
2019-11-20 13:24:52.175,,1.0
2019-11-20 13:25:10.384,,1.0
2019-11-20 13:25:35.781,,1.0
2019-11-20 13:26:31.090,,1.0
2019-11-20 13:26:52.907,,1.0
2019-11-20 13:26:58.647,,1.0
2019-11-20 13:27:13.136,,10.0
2019-11-20 13:29:35.879,,2.0
2019-11-20 13:29:35.888,,1.0
2019-11-20 13:29:37.838,,1.0
2019-11-20 13:29:37.838,,1.0
2019-11-20 13:29:39.669,,1.0
2019-11-20 13:29:40.938,,1.0
2019-11-20 13:29:40.949,,1.0
2019-11-20 13:30:08.240,,1.0
2019-11-20 13:32:42.399,98.685,16.0
2019-11-20 13:33:03.079,98.685,71.0
2019-11-20 13:33:03.098,,2.0
2019-11-20 13:33:03.100,98.685,18.0
2019-11-20 13:33:03.119,98.685,13.0
2019-11-20 13:34:45.187,,1.0
2019-11-20 13:42:04.416,,10.0
2019-11-20 13:48:40.504,98.69,7.0
2019-11-20 13:50:16.058,,1.0
2019-11-20 13:51:43.914,98.69,12.0
2019-11-20 13:51:43.946,98.69,41.0
2019-11-20 13:51:43.946,,1.0
2019-11-20 14:05:36.787,,1.0
2019-11-20 14:06:55.616,,4.0
2019-11-20 14:07:33.378,,10.0
2019-11-20 14:08:42.589,,1.0
2019-11-20 14:08:42.608,,1.0
2019-11-20 14:08:42.617,,9.0
2019-11-20 14:08:42.629,,1.0
2019-11-20 14:08:42.629,,4.0
2019-11-20 14:08:42.629,,1.0
2019-11-20 14:08:42.637,,2.0
2019-11-20 14:08:42.637,,3.0
2019-11-20 14:08:42.647,,4.0
2019-11-20 14:08:42.698,,1.0
2019-11-20 14:08:42.739,,1.0
2019-11-20 14:08:42.798,,1.0
2019-11-20 14:08:42.798,,8.0
2019-11-20 14:09:17.467,98.685,4.0
2019-11-20 14:09:31.237,98.685,5.0
2019-11-20 14:13:45.861,,1.0
2019-11-20 14:13:45.861,98.685,27.0
2019-11-20 14:14:50.398,98.685,49.0
2019-11-20 14:14:56.156,98.685,1.0
2019-11-20 14:14:56.156,98.685,1.0
2019-11-20 14:14:56.475,,1.0
2019-11-20 14:14:59.267,,1.0
2019-11-20 14:15:04.105,,1.0
2019-11-20 14:15:04.106,,1.0
2019-11-20 14:15:04.116,,1.0
2019-11-20 14:15:04.896,,1.0
2019-11-20 14:15:45.174,,50.0
2019-11-20 14:17:31.360,,5.0
2019-11-20 14:20:48.967,98.68,14.0
2019-11-20 14:20:48.998,98.68,3.0
2019-11-20 14:20:57.708,98.68,8.0
2019-11-20 14:21:00.298,,1.0
2019-11-20 14:21:02.357,98.68,12.0
2019-11-20 14:22:53.922,98.68,25.0
2019-11-20 14:30:09.517,98.68,22.0
2019-11-20 14:30:16.517,98.68,14.0
2019-11-20 14:30:19.827,98.68,22.0
2019-11-20 14:30:19.847,98.68,10.0
2019-11-20 14:30:19.847,98.68,6.0
2019-11-20 14:30:19.847,98.68,8.0
2019-11-20 14:30:19.877,,28.0
2019-11-20 14:30:19.909,,51.0
2019-11-20 14:30:19.918,,55.0
2019-11-20 14:30:20.447,,1.0
2019-11-20 14:31:00.695,98.68,46.0
2019-11-20 14:31:01.235,98.68,24.0
2019-11-20 14:31:01.235,98.68,4.0
2019-11-20 14:31:01.714,98.68,1.0
2019-11-20 14:31:01.725,98.68,13.0
2019-11-20 14:31:01.735,98.68,2.0
2019-11-20 14:31:06.376,98.68,26.0
2019-11-20 14:31:06.376,98.68,11.0
2019-11-20 14:31:06.896,98.68,10.0
2019-11-20 14:31:06.896,98.68,12.0
2019-11-20 14:31:06.906,98.68,14.0
2019-11-20 14:31:07.285,98.68,21.0
2019-11-20 14:31:07.285,98.68,3.0
2019-11-20 14:31:07.285,98.68,7.0
2019-11-20 14:31:07.286,98.68,22.0
2019-11-20 14:31:07.776,98.68,14.0
2019-11-20 14:31:07.826,98.68,13.0
2019-11-20 14:31:07.835,98.68,14.0
2019-11-20 14:32:02.583,98.68,24.0
2019-11-20 14:32:37.175,98.68,5.0
2019-11-20 14:33:00.802,98.68,20.0
2019-11-20 14:33:00.803,98.68,26.0
2019-11-20 14:33:00.803,98.68,21.0
2019-11-20 14:34:57.341,98.68,5.0
2019-11-20 14:42:53.305,98.68,15.0
2019-11-20 14:43:02.595,,1.0
2019-11-20 14:46:05.103,98.68,10.0
2019-11-20 14:46:05.123,98.68,5.0
2019-11-20 14:49:12.370,98.68,66.0
2019-11-20 14:52:32.511,98.68,16.0
2019-11-20 14:52:43.401,,1.0
2019-11-20 14:52:53.272,,1.0
2019-11-20 14:53:13.895,,1.0
2019-11-20 14:53:48.259,98.685,1.0
2019-11-20 14:53:48.268,98.685,5.0
2019-11-20 14:53:48.269,98.685,3.0
2019-11-20 14:53:48.269,,107.0
2019-11-20 14:53:49.439,98.685,1.0
2019-11-20 15:00:16.620,98.685,6.0
2019-11-20 15:02:35.377,,3.0
2019-11-20 15:02:59.268,,5.0
2019-11-20 15:16:31.554,98.69,42.0
2019-11-20 15:16:31.554,98.69,9.0
2019-11-20 15:16:31.555,98.69,1.0
2019-11-20 15:16:31.555,98.69,11.0
2019-11-20 15:18:28.040,98.69,2.0
2019-11-20 15:32:36.221,98.685,3.0
2019-11-20 15:43:32.041,,1.0
2019-11-20 15:49:29.673,98.685,2.0
2019-11-20 15:59:09.354,98.69,7.0
2019-11-20 16:06:46.485,98.685,9.0
2019-11-20 16:06:46.495,98.685,16.0
2019-11-20 16:06:46.555,98.685,36.0
2019-11-20 16:31:13.429,98.68,25.0
2019-11-20 16:37:46.686,98.68,1.0
2019-11-20 17:15:36.768,98.68,233.0
2019-11-20 17:15:36.788,98.68,10.0
2019-11-20 17:20:54.163,98.68,19.0
2019-11-20 17:32:56.349,98.68,100.0
2019-11-20 17:52:04.419,98.68,15.0
2019-11-20 17:55:01.709,98.685,18.0
2019-11-20 17:55:01.718,98.685,2.0
2019-11-20 17:55:01.719,98.685,13.0
2019-11-20 17:55:01.719,98.685,17.0
2019-11-20 17:55:01.719,98.685,3.0
2019-11-20 17:55:01.719,98.685,1.0
2019-11-20 17:55:01.739,98.685,6.0
2019-11-20 17:55:01.748,98.685,1.0
2019-11-20 17:55:01.748,98.685,1.0
2019-11-20 17:55:01.758,98.685,1.0
2019-11-20 17:55:01.758,98.685,1.0
2019-11-20 17:55:01.758,98.685,2.0
2019-11-20 17:55:01.759,98.685,1.0
2019-11-20 17:55:01.759,98.685,3.0
2019-11-20 17:55:01.769,98.685,6.0
2019-11-20 17:55:01.769,98.685,3.0
2019-11-20 17:55:01.769,98.685,1.0
2019-11-20 17:55:01.778,98.685,1.0
2019-11-20 17:55:01.779,98.685,1.0
2019-11-20 17:55:01.779,98.685,6.0
2019-11-20 17:55:01.779,98.685,2.0
2019-11-20 17:55:01.808,98.685,1.0
2019-11-20 17:55:01.808,98.685,6.0
2019-11-20 17:55:01.808,98.685,1.0
2019-11-20 17:55:01.809,98.685,1.0
2019-11-20 17:55:01.818,98.685,2.0
2019-11-20 17:55:01.818,98.685,1.0
2019-11-20 17:55:01.819,98.685,146.0
2019-11-20 17:55:01.919,98.685,13.0
2019-11-20 17:55:02.520,98.69,18.0
2019-11-20 17:55:02.549,,1.0
2019-11-20 17:55:02.549,98.69,2.0
2019-11-20 17:55:02.559,98.69,17.0
2019-11-20 17:55:02.559,,1.0
2019-11-20 17:55:02.579,,1.0
2019-11-20 17:55:02.579,98.69,1.0
2019-11-20 17:55:02.589,,2.0
2019-11-20 17:55:02.589,,1.0
2019-11-20 17:55:02.669,,1.0
2019-11-20 17:55:02.709,,78.0
2019-11-20 17:55:02.809,98.69,13.0
2019-11-20 17:55:02.829,98.69,29.0
2019-11-20 17:55:05.800,98.685,2.0
2019-11-20 17:55:05.899,98.685,15.0
2019-11-20 17:55:06.299,98.685,3.0
2019-11-20 17:55:06.328,98.685,2.0
2019-11-20 17:55:21.879,98.69,125.0
2019-11-20 17:55:42.660,98.69,14.0
2019-11-20 17:56:13.822,98.695,1.0
2019-11-20 18:01:18.409,98.69,14.0
2019-11-20 18:10:21.783,,2.0
2019-11-20 18:10:21.792,,1.0
2019-11-20 18:10:21.792,,1.0
2019-11-20 18:10:21.802,,1.0
2019-11-20 18:11:40.147,,136.0
2019-11-20 18:12:10.948,98.7,171.0
2019-11-20 18:12:10.948,98.7,134.0
2019-11-20 18:12:10.948,98.7,21.0
2019-11-20 18:12:11.238,98.705,30.0
2019-11-20 18:12:11.238,98.705,1.0
2019-11-20 18:12:22.678,,1.0
2019-11-20 18:12:24.550,,1.0
2019-11-20 18:12:25.900,,3.0
2019-11-20 18:12:25.940,98.7,134.0
2019-11-20 18:12:52.891,98.7,10.0
2019-11-20 18:16:59.443,98.7,53.0
2019-11-20 18:26:10.731,98.695,13.0
2019-11-20 18:26:10.761,98.695,8.0
2019-11-20 18:26:10.791,98.695,4.0
2019-11-20 18:26:11.092,,4.0
2019-11-20 18:26:15.161,98.695,8.0
2019-11-20 18:27:51.845,,5.0
2019-11-20 18:30:01.125,98.7,171.0
2019-11-20 18:36:49.092,98.7,20.0
2019-11-20 18:38:11.506,,15.0
2019-11-20 18:52:23.862,98.695,36.0
2019-11-20 18:52:23.881,,93.0
2019-11-20 18:52:24.501,98.695,9.0
2019-11-20 18:52:24.510,98.695,21.0
2019-11-20 18:52:24.701,98.695,3.0
2019-11-20 18:52:59.797,98.695,3.0
2019-11-20 18:53:00.306,98.695,4.0
2019-11-20 18:53:02.496,98.695,4.0
2019-11-20 18:53:03.396,98.695,3.0
2019-11-20 18:53:47.619,,1.0
2019-11-20 18:55:15.445,,10.0
2019-11-20 18:55:24.575,,8.0
2019-11-20 18:55:24.656,,10.0
2019-11-20 18:56:40.252,98.695,1.0
2019-11-20 18:56:59.912,98.695,6.0
2019-11-20 18:58:00.385,98.695,13.0
2019-11-20 18:58:14.855,98.695,3.0
2019-11-20 18:58:15.086,98.695,2.0
2019-11-20 18:58:17.387,98.695,2.0
2019-11-20 18:59:51.401,98.695,1.0
2019-11-20 18:59:51.842,98.695,1.0
2019-11-20 19:01:38.970,98.705,1.0
2019-11-20 19:02:08.382,98.7,1.0
2019-11-20 19:02:08.802,98.7,2.0
2019-11-20 19:02:09.092,98.7,1.0
2019-11-20 19:04:00.658,98.7,10.0
2019-11-20 19:06:04.506,,5.0
2019-11-20 19:06:08.256,,5.0
2019-11-20 19:14:17.463,,3.0
2019-11-20 19:16:06.582,98.695,1.0
2019-11-20 19:16:06.592,98.695,45.0
2019-11-20 19:16:06.601,98.695,9.0
2019-11-20 19:16:06.621,98.695,23.0
2019-11-20 19:16:07.921,98.695,10.0
2019-11-20 19:17:28.343,98.695,27.0
2019-11-20 19:17:37.785,98.695,21.0
2019-11-20 19:17:37.804,98.695,2.0
2019-11-20 19:17:42.234,98.695,18.0
2019-11-20 19:18:37.315,98.69,100.0
2019-11-20 19:18:38.125,98.69,24.0
2019-11-20 19:18:38.134,98.69,36.0
2019-11-20 19:18:47.205,98.69,50.0
2019-11-20 19:18:48.435,98.69,10.0
2019-11-20 19:18:53.854,98.69,43.0
2019-11-20 19:18:53.884,98.69,19.0
2019-11-20 19:18:53.884,98.69,12.0
2019-11-20 19:18:53.894,98.69,15.0
2019-11-20 19:19:08.753,98.69,8.0
2019-11-20 19:19:08.763,98.69,2.0
2019-11-20 19:19:08.813,98.695,46.0
2019-11-20 19:19:08.813,98.695,1.0
2019-11-20 19:19:08.833,98.695,4.0
2019-11-20 19:19:08.843,98.69,3.0
2019-11-20 19:19:08.893,98.695,2.0
2019-11-20 19:20:10.522,,6.0
2019-11-20 19:20:27.041,98.695,10.0
2019-11-20 19:25:16.203,98.695,26.0
2019-11-20 19:25:16.212,98.695,1.0
2019-11-20 19:29:07.879,98.7,5.0
2019-11-20 19:29:07.879,98.7,4.0
2019-11-20 19:29:25.491,,15.0
2019-11-20 19:33:29.213,,4.0
2019-11-20 19:40:56.862,,200.0
2019-11-20 19:52:05.533,98.7,2.0
2019-11-20 19:52:16.855,98.705,124.0
2019-11-20 19:52:16.855,98.7,26.0
2019-11-20 19:52:33.295,98.7,1.0
2019-11-20 19:54:53.118,98.7,1.0
2019-11-20 19:58:21.643,98.695,100.0
2019-11-20 20:00:12.224,98.695,50.0
2019-11-20 20:03:15.194,98.7,1.0
2019-11-20 20:03:15.194,98.7,1.0
2019-11-20 20:03:15.194,98.7,1.0
2019-11-20 20:03:15.194,98.7,6.0
2019-11-20 20:03:15.194,98.7,4.0
2019-11-20 20:03:15.194,98.7,1.0
2019-11-20 20:03:15.214,98.7,2.0
2019-11-20 20:03:20.077,98.7,5.0
2019-11-20 20:09:26.785,98.7,4.0
2019-11-20 20:15:36.249,98.7,635.0
2019-11-20 20:15:36.259,98.7,127.0
2019-11-20 20:15:36.259,98.7,22.0
2019-11-20 20:15:36.267,,2.0
2019-11-20 20:15:36.267,98.7,156.0
2019-11-20 20:18:20.295,98.7,7.0
2019-11-20 20:19:02.838,98.7,10.0
2019-11-20 20:20:19.937,98.7,9.0
2019-11-20 20:20:20.266,98.7,6.0
2019-11-20 20:20:20.295,98.7,4.0
2019-11-20 20:20:20.355,98.7,1.0
2019-11-20 20:20:20.355,98.7,3.0
2019-11-20 20:20:20.357,98.7,1.0
2019-11-20 20:20:20.366,98.7,1.0
2019-11-20 20:20:30.546,,2.0
2019-11-20 20:28:15.577,98.7,1.0
2019-11-20 20:28:15.577,98.7,1.0
2019-11-20 20:28:15.617,98.7,1.0
2019-11-20 20:30:14.092,98.7,14.0
2019-11-20 20:48:09.330,98.695,6.0
2019-11-20 20:55:21.153,98.695,2.0
2019-11-20 21:01:51.338,98.695,25.0
2019-11-20 21:01:51.349,98.695,43.0
2019-11-20 21:04:44.906,98.695,10.0
2019-11-20 21:13:32.239,98.695,6.0
2019-11-20 21:15:29.823,98.69,22.0
2019-11-20 21:21:51.572,98.69,5.0
2019-11-20 21:52:07.536,,5.0
2019-11-20 21:56:41.180,,10.0
2019-11-20 21:56:41.189,,2.0
2019-11-20 21:59:00.084,,32.0
2019-11-20 23:01:33.707,,10.0
2019-11-20 23:02:19.493,,10.0
2019-11-20 23:04:47.751,98.7,1.0
2019-11-20 23:04:48.250,98.7,1.0
2019-11-20 23:04:48.751,98.7,1.0
2019-11-20 23:04:49.261,98.7,1.0
2019-11-20 23:04:49.760,98.7,1.0
2019-11-20 23:04:50.261,98.7,1.0
2019-11-21 00:13:12.408,98.705,1.0
2019-11-21 00:20:36.418,98.705,1.0
2019-11-21 00:20:39.067,98.705,1.0
2019-11-21 00:21:34.624,98.705,1.0
2019-11-21 00:21:37.344,98.705,1.0
2019-11-21 00:21:39.993,98.705,1.0
2019-11-21 00:21:42.643,98.705,1.0
2019-11-21 00:21:49.103,98.705,1.0
2019-11-21 00:47:21.300,98.71,1.0
2019-11-21 00:47:21.300,,1.0
2019-11-21 00:47:21.500,98.71,1.0
2019-11-21 00:47:27.059,98.71,1.0
2019-11-21 00:47:38.538,98.71,1.0
2019-11-21 00:47:50.899,98.71,1.0
2019-11-21 00:47:55.316,98.71,1.0
2019-11-21 00:48:13.384,98.71,1.0
2019-11-21 01:15:14.744,98.715,1.0
2019-11-21 01:15:15.043,98.715,1.0
2019-11-21 01:15:17.692,98.715,1.0
2019-11-21 01:15:20.612,98.715,1.0
2019-11-21 01:15:21.232,98.715,1.0
2019-11-21 01:15:23.340,98.715,1.0
2019-11-21 01:15:25.940,98.715,1.0
2019-11-21 01:15:53.897,98.715,1.0
2019-11-21 01:15:54.166,98.715,1.0
2019-11-21 01:16:54.318,98.715,1.0
2019-11-21 01:16:54.818,98.715,1.0
2019-11-21 01:16:57.739,98.715,1.0
2019-11-21 01:16:58.028,98.715,1.0
2019-11-21 01:16:58.028,98.71,1.0
2019-11-21 01:32:25.572,98.715,1.0
2019-11-21 01:33:08.956,98.715,1.0
2019-11-21 01:40:49.680,98.72,10.0
2019-11-21 01:40:55.559,98.72,10.0
2019-11-21 01:41:32.184,98.72,2.0
2019-11-21 01:50:12.978,98.72,2.0
2019-11-21 01:50:18.087,98.72,1.0
2019-11-21 01:50:18.098,98.72,1.0
2019-11-21 01:50:19.098,98.72,2.0
2019-11-21 01:50:20.317,98.72,1.0
2019-11-21 01:50:22.687,98.72,1.0
2019-11-21 01:54:16.593,98.72,5.0
2019-11-21 01:54:18.453,98.72,1.0
2019-11-21 01:54:18.733,98.72,1.0
2019-11-21 01:54:21.101,98.72,2.0
2019-11-21 01:54:23.131,98.72,1.0
2019-11-21 01:54:44.060,98.72,2.0
2019-11-21 01:54:46.089,98.72,1.0
2019-11-21 01:54:46.300,98.72,1.0
2019-11-21 02:00:38.398,98.72,1.0
2019-11-21 02:00:39.398,98.72,1.0
2019-11-21 02:00:41.977,98.72,1.0
2019-11-21 02:00:41.977,,1.0
2019-11-21 02:00:47.887,98.72,1.0
2019-11-21 02:00:48.147,98.72,1.0
2019-11-21 02:00:50.787,98.72,1.0
2019-11-21 02:00:53.285,98.72,1.0
2019-11-21 02:00:53.306,98.72,2.0
2019-11-21 02:00:54.055,98.72,2.0
2019-11-21 02:00:54.066,98.72,1.0
2019-11-21 02:00:54.066,98.72,1.0
2019-11-21 02:00:54.276,98.72,1.0
2019-11-21 02:00:54.276,98.72,2.0
2019-11-21 02:00:54.776,98.72,2.0
2019-11-21 02:00:54.785,98.72,1.0
2019-11-21 02:00:55.166,98.72,1.0
2019-11-21 02:00:55.185,98.72,1.0
2019-11-21 02:00:55.796,98.72,1.0
2019-11-21 02:00:55.805,98.72,1.0
2019-11-21 02:00:56.095,98.72,1.0
2019-11-21 02:00:56.095,98.72,1.0
2019-11-21 02:00:56.396,98.72,1.0
2019-11-21 02:00:56.405,98.72,1.0
2019-11-21 02:00:56.696,98.72,1.0
2019-11-21 02:00:56.706,98.72,1.0
2019-11-21 02:00:56.975,98.72,1.0
2019-11-21 02:00:56.985,98.72,1.0
2019-11-21 02:00:57.586,98.72,1.0
2019-11-21 02:00:57.597,98.72,1.0
2019-11-21 02:00:57.857,98.72,1.0
2019-11-21 02:00:57.867,98.72,2.0
2019-11-21 02:00:58.196,98.72,2.0
2019-11-21 02:00:58.216,98.72,2.0
2019-11-21 02:00:58.477,98.72,2.0
2019-11-21 02:00:58.486,98.72,2.0
2019-11-21 02:00:58.717,98.72,2.0
2019-11-21 02:00:58.727,98.72,2.0
2019-11-21 02:00:58.947,98.72,2.0
2019-11-21 02:00:59.686,98.72,3.0
2019-11-21 02:00:59.916,98.72,3.0
2019-11-21 02:00:59.916,98.72,1.0
2019-11-21 02:01:00.247,98.72,1.0
2019-11-21 02:01:00.517,98.72,3.0
2019-11-21 02:01:01.117,98.72,3.0
2019-11-21 02:01:01.136,98.72,1.0
2019-11-21 02:01:01.386,98.72,1.0
2019-11-21 02:01:01.397,98.72,3.0
2019-11-21 02:01:01.995,98.72,3.0
2019-11-21 02:01:02.015,98.72,1.0
2019-11-21 02:01:02.276,98.72,1.0
2019-11-21 02:01:02.285,98.72,3.0
2019-11-21 02:01:03.484,98.72,3.0
2019-11-21 02:01:03.784,98.72,4.0
2019-11-21 02:01:04.795,98.72,3.0
2019-11-21 02:01:07.566,98.72,1.0
2019-11-21 02:01:07.576,98.72,3.0
2019-11-21 02:01:07.785,98.72,3.0
2019-11-21 02:01:07.795,98.72,1.0
2019-11-21 02:01:08.186,98.72,1.0
2019-11-21 02:01:08.195,98.72,2.0
2019-11-21 02:01:08.456,98.72,2.0
2019-11-21 02:01:08.466,98.72,2.0
2019-11-21 02:01:08.795,98.72,2.0
2019-11-21 02:01:08.806,98.72,2.0
2019-11-21 02:01:08.995,98.72,2.0
2019-11-21 02:01:09.006,98.72,5.0
2019-11-21 02:01:09.216,98.72,5.0
2019-11-21 02:01:09.226,98.72,1.0
2019-11-21 02:01:09.245,98.72,1.0
2019-11-21 02:01:09.245,98.72,10.0
2019-11-21 02:01:09.245,98.72,60.0
2019-11-21 02:01:09.456,98.72,4.0
2019-11-21 02:01:09.656,98.72,5.0
2019-11-21 02:01:11.716,98.72,1.0
2019-11-21 02:01:11.726,98.72,4.0
2019-11-21 02:01:11.995,98.72,4.0
2019-11-21 02:01:14.644,98.72,3.0
2019-11-21 02:01:15.015,98.72,2.0
2019-11-21 02:01:15.254,98.72,1.0
2019-11-21 02:01:15.264,98.72,2.0
2019-11-21 02:01:15.515,98.72,2.0
2019-11-21 02:01:15.525,98.72,1.0
2019-11-21 02:01:16.125,98.72,1.0
2019-11-21 02:01:16.145,98.72,2.0
2019-11-21 02:01:16.404,98.72,2.0
2019-11-21 02:01:16.404,98.72,1.0
2019-11-21 02:01:16.904,98.72,1.0
2019-11-21 02:01:16.914,98.72,1.0
2019-11-21 02:01:17.275,98.72,1.0
2019-11-21 02:01:17.905,98.72,3.0
2019-11-21 02:01:19.786,98.72,1.0
2019-11-21 02:01:22.304,98.72,2.0
2019-11-21 02:01:25.344,98.72,2.0
2019-11-21 02:01:25.833,98.72,1.0
2019-11-21 02:01:41.953,98.72,1.0
2019-11-21 02:02:00.563,98.72,1.0
2019-11-21 02:02:01.692,98.72,2.0
2019-11-21 02:09:02.638,98.72,2.0
2019-11-21 02:12:22.207,98.72,1.0
2019-11-21 02:12:22.226,98.72,1.0
2019-11-21 02:21:28.806,98.715,1.0
2019-11-21 02:21:29.576,98.715,1.0
2019-11-21 02:21:29.787,98.715,1.0
2019-11-21 02:23:09.443,98.705,2.0
2019-11-21 02:27:40.255,,60.0
2019-11-21 02:27:40.275,,4.0
2019-11-21 02:27:40.275,,2.0
2019-11-21 02:28:00.254,98.705,6.0
2019-11-21 03:01:33.619,98.7,8.0
2019-11-21 03:43:50.259,98.7,4.0
2019-11-21 03:43:50.269,98.7,46.0
2019-11-21 05:44:00.931,98.69,5.0
2019-11-21 07:14:24.777,98.695,6.0
2019-11-21 07:14:24.777,98.695,6.0
2019-11-21 07:14:24.787,98.695,11.0
2019-11-21 07:14:24.787,98.695,13.0
2019-11-21 07:14:24.787,98.695,21.0
2019-11-21 07:14:24.799,98.695,3.0
2019-11-21 07:14:29.638,98.695,1.0
2019-11-21 07:14:40.457,98.695,1.0
2019-11-21 07:20:25.635,98.69,6.0
2019-11-21 07:20:25.645,98.69,9.0
2019-11-21 07:20:25.655,98.69,6.0
2019-11-21 07:20:25.664,98.69,6.0
2019-11-21 07:20:25.664,98.69,8.0
2019-11-21 07:20:25.674,98.69,14.0
2019-11-21 07:20:28.203,98.69,1.0
2019-11-21 07:20:28.215,98.69,10.0
2019-11-21 07:20:55.821,,2.0
2019-11-21 07:30:37.971,98.695,11.0
2019-11-21 07:30:37.981,98.695,2.0
2019-11-21 07:31:04.333,98.695,10.0
2019-11-21 07:31:06.133,98.695,1.0
2019-11-21 07:31:06.174,98.695,4.0
2019-11-21 07:31:13.953,98.7,1.0
2019-11-21 07:31:47.244,98.695,4.0
2019-11-21 07:31:47.254,98.695,1.0
2019-11-21 07:32:07.434,98.695,1.0
2019-11-21 07:32:47.330,,10.0
2019-11-21 08:01:19.722,98.69,28.0
2019-11-21 08:01:20.913,98.69,5.0
2019-11-21 08:03:45.389,98.695,47.0
2019-11-21 08:04:13.198,98.695,1.0
2019-11-21 08:04:20.139,98.695,4.0
2019-11-21 08:07:33.068,98.695,5.0
2019-11-21 08:11:37.907,98.7,2.0
2019-11-21 08:11:37.907,98.7,1.0
2019-11-21 08:21:34.856,98.695,5.0
2019-11-21 08:23:19.985,98.695,40.0
2019-11-21 08:25:59.353,98.695,5.0
2019-11-21 08:29:04.878,98.695,5.0
2019-11-21 08:41:05.630,,2.0
2019-11-21 08:42:01.311,,2.0
2019-11-21 08:42:01.311,,2.0
2019-11-21 08:42:01.311,,242.0
2019-11-21 08:45:23.520,98.7,5.0
2019-11-21 08:53:12.856,98.695,47.0
2019-11-21 08:53:14.425,98.695,30.0
2019-11-21 08:53:38.516,98.695,20.0
2019-11-21 08:53:46.215,98.695,17.0
2019-11-21 08:54:21.076,98.695,5.0
2019-11-21 08:55:18.409,98.695,5.0
2019-11-21 09:01:18.273,98.695,3.0
2019-11-21 09:01:18.772,98.695,3.0
2019-11-21 09:01:18.772,98.695,86.0
2019-11-21 09:01:18.783,98.695,5.0
2019-11-21 09:01:18.783,98.695,119.0
2019-11-21 09:01:18.783,98.695,84.0
2019-11-21 09:03:55.508,,2.0
2019-11-21 09:11:03.121,,4.0
2019-11-21 09:11:03.140,,2.0
2019-11-21 09:14:39.422,98.69,45.0
2019-11-21 09:22:10.343,,14.0
2019-11-21 09:35:44.471,98.69,2.0
2019-11-21 09:35:44.550,98.69,45.0
2019-11-21 09:37:13.938,98.69,5.0
2019-11-21 09:37:38.297,98.69,1.0
2019-11-21 09:37:38.297,98.69,1.0
2019-11-21 09:37:38.298,98.69,1.0
2019-11-21 09:37:38.298,98.69,1.0
2019-11-21 09:38:58.537,,180.0
2019-11-21 09:39:24.816,,24.0
2019-11-21 09:41:46.890,98.69,8.0
2019-11-21 09:41:46.890,98.69,45.0
2019-11-21 09:44:03.875,98.69,10.0
2019-11-21 09:46:25.412,98.69,5.0
2019-11-21 09:46:46.512,,10.0
2019-11-21 09:47:57.100,,2.0
2019-11-21 09:48:42.858,98.685,12.0
2019-11-21 09:48:42.877,98.685,3.0
2019-11-21 09:51:51.584,98.685,20.0
2019-11-21 09:52:22.853,98.685,6.0
2019-11-21 10:00:07.479,98.685,5.0
2019-11-21 10:04:15.108,98.68,10.0
2019-11-21 10:04:15.148,98.68,65.0
2019-11-21 10:06:43.423,98.685,2.0
2019-11-21 10:07:20.746,98.685,3.0
2019-11-21 10:07:20.765,98.685,9.0
2019-11-21 10:07:20.765,98.685,1.0
2019-11-21 10:07:20.785,98.685,4.0
2019-11-21 10:07:20.804,98.685,3.0
2019-11-21 10:07:33.756,98.685,2.0
2019-11-21 10:07:47.878,,2.0
2019-11-21 10:07:50.017,,2.0
2019-11-21 10:07:50.417,,2.0
2019-11-21 10:07:50.827,98.68,2.0
2019-11-21 10:07:50.877,98.68,118.0
2019-11-21 10:10:38.717,98.68,32.0
2019-11-21 10:10:58.488,98.68,5.0
2019-11-21 10:14:24.988,98.68,2.0
2019-11-21 10:14:24.998,98.68,2.0
2019-11-21 10:18:19.161,,44.0
2019-11-21 10:26:24.580,98.68,3.0
2019-11-21 10:30:34.371,98.68,5.0
2019-11-21 10:43:31.505,98.68,5.0
2019-11-21 10:45:15.497,,1.0
2019-11-21 10:45:54.993,,1.0
2019-11-21 10:47:01.608,,1.0
2019-11-21 10:48:14.206,,1.0
2019-11-21 10:51:55.648,,1.0
2019-11-21 10:52:18.648,,1.0
2019-11-21 10:52:54.569,98.68,3.0
2019-11-21 10:53:30.150,98.68,1.0
2019-11-21 10:53:30.160,98.68,1.0
2019-11-21 10:53:30.169,98.68,12.0
2019-11-21 10:53:30.169,,1.0
2019-11-21 10:53:30.169,,1.0
2019-11-21 10:53:30.180,,1.0
2019-11-21 10:54:35.618,98.68,5.0
2019-11-21 10:54:35.628,98.68,1.0
2019-11-21 10:54:48.359,98.68,5.0
2019-11-21 10:54:49.230,98.68,22.0
2019-11-21 11:01:49.712,98.685,5.0
2019-11-21 11:01:49.761,98.685,1.0
2019-11-21 11:01:49.833,98.685,1.0
2019-11-21 11:05:12.818,98.685,5.0
2019-11-21 11:08:28.319,98.685,5.0
2019-11-21 11:13:02.278,98.685,45.0
2019-11-21 11:18:26.963,98.685,10.0
2019-11-21 11:18:45.792,98.685,5.0
2019-11-21 12:00:31.371,,1.0
2019-11-21 12:00:31.382,,1.0
2019-11-21 12:00:31.522,,1.0
2019-11-21 12:00:40.153,98.685,30.0
2019-11-21 12:00:40.362,98.685,5.0
2019-11-21 12:01:09.283,,15.0
2019-11-21 12:02:45.408,98.685,2.0
2019-11-21 12:02:59.528,98.685,4.0
2019-11-21 12:04:11.251,98.685,24.0
2019-11-21 12:04:14.641,,15.0
2019-11-21 12:06:46.368,98.685,10.0
2019-11-21 12:06:46.378,,15.0
2019-11-21 12:09:41.877,98.685,10.0
2019-11-21 12:09:41.886,98.685,1.0
2019-11-21 12:09:41.886,98.685,28.0
2019-11-21 12:09:41.888,98.685,4.0
2019-11-21 12:11:18.352,98.685,2.0
2019-11-21 12:11:18.362,98.685,1.0
2019-11-21 12:16:45.666,98.685,10.0
2019-11-21 12:16:45.726,98.685,10.0
2019-11-21 12:16:53.267,98.685,4.0
2019-11-21 12:16:56.418,98.685,198.0
2019-11-21 12:16:56.436,98.685,5.0
2019-11-21 12:16:56.436,98.685,62.0
2019-11-21 12:16:56.436,98.685,3.0
2019-11-21 12:16:56.436,98.685,10.0
2019-11-21 12:16:56.447,98.685,33.0
2019-11-21 12:30:32.782,98.685,22.0
2019-11-21 12:30:32.782,98.685,6.0
2019-11-21 12:30:32.792,98.685,25.0
2019-11-21 12:30:32.792,98.685,13.0
2019-11-21 12:30:32.900,98.685,21.0
2019-11-21 12:30:32.900,98.685,34.0
2019-11-21 12:30:32.901,98.685,1.0
