Date,VALUE,VOLUME
2019-11-14 02:38:12.177,98.625,1.0
2019-11-14 02:38:12.395,98.625,2.0
2019-11-14 02:38:14.557,98.625,2.0
2019-11-14 02:38:58.014,98.625,1.0
2019-11-14 04:07:37.871,98.63,29.0
2019-11-14 04:07:37.891,98.63,21.0
2019-11-14 06:54:41.901,98.63,1.0
2019-11-14 06:59:27.265,98.63,1.0
2019-11-14 07:18:16.914,98.64,1.0
2019-11-14 07:22:06.869,98.64,2.0
2019-11-14 07:29:47.622,98.635,17.0
2019-11-14 07:29:47.624,98.635,13.0
2019-11-14 07:29:47.624,98.635,2.0
2019-11-14 07:29:47.624,98.635,1.0
2019-11-14 07:29:47.624,98.635,1.0
2019-11-14 07:29:49.662,98.635,15.0
2019-11-14 07:29:49.664,98.635,1.0
2019-11-14 07:32:36.811,98.635,10.0
2019-11-14 08:01:24.123,98.635,7.0
2019-11-14 08:05:05.634,98.635,23.0
2019-11-14 08:17:16.432,98.64,5.0
2019-11-14 08:17:16.441,98.64,5.0
2019-11-14 08:17:39.439,98.64,4.0
2019-11-14 08:17:39.447,98.64,6.0
2019-11-14 08:25:45.500,98.64,27.0
2019-11-14 08:26:09.789,98.64,5.0
2019-11-14 08:26:25.289,98.64,5.0
2019-11-14 08:27:41.590,98.64,5.0
2019-11-14 08:27:59.250,98.64,10.0
2019-11-14 08:34:00.661,98.645,14.0
2019-11-14 08:34:15.933,98.645,20.0
2019-11-14 08:34:16.013,98.645,8.0
2019-11-14 08:35:09.364,98.645,12.0
2019-11-14 08:35:10.542,98.645,24.0
2019-11-14 08:35:10.544,98.645,17.0
2019-11-14 08:40:10.654,98.645,2.0
2019-11-14 08:46:54.460,98.645,5.0
2019-11-14 09:02:14.532,98.645,5.0
2019-11-14 09:14:50.644,98.645,5.0
2019-11-14 09:15:12.846,98.645,5.0
2019-11-14 09:18:34.063,98.645,40.0
2019-11-14 09:36:08.060,98.645,5.0
2019-11-14 09:51:07.329,98.645,80.0
2019-11-14 10:02:17.264,98.645,5.0
2019-11-14 10:04:47.036,98.635,5.0
2019-11-14 10:06:30.384,98.64,4.0
2019-11-14 10:06:30.384,98.64,9.0
2019-11-14 10:06:30.384,98.64,1.0
2019-11-14 10:06:30.384,98.64,8.0
2019-11-14 10:06:30.386,98.64,1.0
2019-11-14 10:06:30.386,98.64,4.0
2019-11-14 10:06:30.394,98.64,1.0
2019-11-14 10:06:30.394,98.64,1.0
2019-11-14 10:06:30.394,98.64,1.0
2019-11-14 10:06:30.394,98.64,2.0
2019-11-14 10:06:30.394,98.64,1.0
2019-11-14 10:06:30.394,98.64,5.0
2019-11-14 10:06:30.394,98.64,3.0
2019-11-14 10:06:30.394,98.64,3.0
2019-11-14 10:06:30.394,98.64,1.0
2019-11-14 10:06:30.394,98.64,1.0
2019-11-14 10:06:30.394,98.64,1.0
2019-11-14 10:06:30.394,98.64,1.0
2019-11-14 10:06:30.396,98.64,1.0
2019-11-14 10:06:30.396,98.64,1.0
2019-11-14 10:06:30.406,98.64,13.0
2019-11-14 10:06:30.406,98.64,1.0
2019-11-14 10:06:30.406,98.64,43.0
2019-11-14 10:24:22.745,98.64,2.0
2019-11-14 10:27:39.694,98.635,17.0
2019-11-14 10:35:53.857,98.63,5.0
2019-11-14 10:44:16.098,98.635,5.0
2019-11-14 10:51:27.820,98.635,5.0
2019-11-14 11:02:58.775,98.64,5.0
2019-11-14 11:02:58.775,98.64,5.0
2019-11-14 11:02:58.775,98.64,6.0
2019-11-14 11:02:58.775,98.64,2.0
2019-11-14 11:02:58.775,98.64,2.0
2019-11-14 11:02:58.777,98.64,2.0
2019-11-14 11:02:58.777,98.64,2.0
2019-11-14 11:06:03.622,98.64,30.0
2019-11-14 11:15:05.265,98.645,31.0
2019-11-14 11:15:05.275,98.645,8.0
2019-11-14 11:15:05.275,98.645,18.0
2019-11-14 11:29:13.834,98.645,5.0
2019-11-14 11:31:43.513,98.64,5.0
2019-11-14 11:31:50.044,98.64,5.0
2019-11-14 11:57:19.009,98.64,5.0
2019-11-14 12:07:08.692,98.64,5.0
2019-11-14 12:11:18.752,98.64,5.0
2019-11-14 12:11:28.171,98.64,5.0
2019-11-14 12:30:37.014,98.645,2.0
2019-11-14 12:45:09.806,98.65,220.0
2019-11-14 12:45:09.816,98.65,6.0
2019-11-14 12:45:09.828,98.65,128.0
2019-11-14 12:45:09.828,98.65,46.0
2019-11-14 12:45:31.296,98.65,6.0
2019-11-14 12:45:31.316,98.65,5.0
2019-11-14 12:52:06.652,98.65,1.0
2019-11-14 12:52:20.411,98.65,1.0
2019-11-14 12:52:20.421,98.65,7.0
2019-11-14 12:55:52.014,98.65,5.0
2019-11-14 12:57:54.587,98.65,5.0
2019-11-14 13:09:06.490,98.645,5.0
2019-11-14 13:14:55.548,98.645,5.0
2019-11-14 13:16:45.712,98.645,5.0
2019-11-14 13:18:46.457,98.64,1.0
2019-11-14 13:23:45.387,98.645,1.0
2019-11-14 13:23:48.307,98.645,6.0
2019-11-14 13:38:30.291,98.645,5.0
2019-11-14 13:38:30.511,98.645,15.0
2019-11-14 13:48:49.439,98.65,100.0
2019-11-14 13:51:34.337,98.65,5.0
2019-11-14 13:52:59.650,98.65,2.0
2019-11-14 14:00:54.494,98.65,1.0
2019-11-14 14:01:07.934,98.65,2.0
2019-11-14 14:09:35.592,98.65,5.0
2019-11-14 14:21:00.785,98.655,63.0
2019-11-14 14:32:57.399,98.655,5.0
2019-11-14 14:32:57.399,98.655,7.0
2019-11-14 14:32:57.418,98.655,3.0
2019-11-14 14:35:36.285,98.655,15.0
2019-11-14 14:35:36.287,98.655,20.0
2019-11-14 14:37:52.195,98.655,5.0
2019-11-14 14:41:16.980,98.66,5.0
2019-11-14 14:41:32.329,98.66,17.0
2019-11-14 14:41:32.347,98.66,1.0
2019-11-14 14:41:32.347,98.66,1.0
2019-11-14 14:41:32.347,98.66,13.0
2019-11-14 14:41:32.347,98.66,6.0
2019-11-14 14:41:32.347,98.66,5.0
2019-11-14 14:48:35.989,98.66,2.0
2019-11-14 14:48:35.999,98.66,65.0
2019-11-14 14:49:53.667,98.66,45.0
2019-11-14 14:54:39.565,98.66,6.0
2019-11-14 15:03:47.422,98.655,1.0
2019-11-14 15:03:47.422,98.655,1.0
2019-11-14 15:04:07.254,98.655,1.0
2019-11-14 15:04:07.274,98.655,1.0
2019-11-14 15:04:07.284,98.655,12.0
2019-11-14 15:04:07.324,98.655,3.0
2019-11-14 15:04:07.332,98.655,3.0
2019-11-14 15:04:53.795,98.655,27.0
2019-11-14 15:08:10.048,98.655,49.0
2019-11-14 15:08:10.055,98.655,1.0
2019-11-14 15:08:10.055,98.655,1.0
2019-11-14 15:08:10.055,98.655,1.0
2019-11-14 15:08:10.055,98.655,1.0
2019-11-14 15:08:10.055,98.655,1.0
2019-11-14 15:08:10.055,98.655,1.0
2019-11-14 15:08:10.057,98.655,1.0
2019-11-14 15:08:10.066,98.655,1.0
2019-11-14 15:08:10.066,98.655,1.0
2019-11-14 15:08:10.067,98.655,1.0
2019-11-14 15:08:16.026,98.655,28.0
2019-11-14 15:13:30.868,98.66,47.0
2019-11-14 15:13:31.378,98.66,2.0
2019-11-14 15:55:46.797,98.66,1.0
2019-11-14 15:59:26.223,98.66,2.0
2019-11-14 16:00:29.491,98.66,5.0
2019-11-14 16:00:29.552,98.66,1.0
2019-11-14 16:11:58.908,98.665,1.0
2019-11-14 16:13:13.849,98.665,1.0
2019-11-14 16:15:50.006,98.665,45.0
2019-11-14 16:15:56.447,98.665,5.0
2019-11-14 16:22:44.800,98.665,3.0
2019-11-14 16:22:57.020,98.665,5.0
2019-11-14 16:25:03.605,98.665,22.0
2019-11-14 16:25:03.605,98.665,54.0
2019-11-14 16:25:18.376,98.665,1.0
2019-11-14 16:27:46.458,98.665,4.0
2019-11-14 16:27:46.468,98.665,10.0
2019-11-14 16:28:23.397,98.665,187.0
2019-11-14 16:30:43.359,98.665,43.0
2019-11-14 16:30:43.387,98.665,81.0
2019-11-14 16:32:00.662,98.665,154.0
2019-11-14 16:33:42.926,98.665,182.0
2019-11-14 16:33:48.736,98.665,18.0
2019-11-14 16:33:48.744,98.665,22.0
2019-11-14 16:33:48.744,98.665,20.0
2019-11-14 16:33:48.746,98.665,4.0
2019-11-14 16:34:17.164,98.665,23.0
2019-11-14 16:34:20.136,98.665,5.0
2019-11-14 16:34:56.256,98.665,11.0
2019-11-14 16:35:45.200,98.665,14.0
2019-11-14 16:35:45.210,98.665,14.0
2019-11-14 16:35:46.459,98.665,6.0
2019-11-14 16:35:46.460,98.665,10.0
2019-11-14 16:35:46.460,98.665,7.0
2019-11-14 16:42:07.329,98.67,235.0
2019-11-14 16:42:07.337,98.67,15.0
2019-11-14 16:42:07.347,98.67,128.0
2019-11-14 16:42:07.347,98.67,88.0
2019-11-14 16:42:07.359,98.67,63.0
2019-11-14 16:42:07.387,98.67,78.0
2019-11-14 16:45:34.324,98.67,5.0
2019-11-14 16:45:34.329,98.67,5.0
2019-11-14 16:46:24.418,98.67,5.0
2019-11-14 16:46:24.428,98.67,6.0
2019-11-14 16:46:24.430,98.67,5.0
2019-11-14 16:46:24.438,98.67,5.0
2019-11-14 16:51:48.208,,7.0
2019-11-14 17:10:25.855,98.665,1.0
2019-11-14 17:13:37.438,98.665,9.0
2019-11-14 17:13:37.449,98.665,5.0
2019-11-14 17:15:12.517,98.665,110.0
2019-11-14 17:20:26.652,98.665,2.0
2019-11-14 17:20:26.669,98.665,19.0
2019-11-14 17:20:26.672,98.665,5.0
2019-11-14 17:20:26.682,98.665,12.0
2019-11-14 17:20:26.721,98.665,62.0
2019-11-14 17:20:27.221,98.665,5.0
2019-11-14 17:20:36.320,98.665,10.0
2019-11-14 17:20:36.330,98.665,5.0
2019-11-14 17:29:15.486,,1.0
2019-11-14 17:48:05.519,98.665,22.0
2019-11-14 17:48:05.531,98.665,2.0
2019-11-14 18:04:39.341,98.665,3.0
2019-11-14 18:05:43.390,98.665,1.0
2019-11-14 18:05:46.650,98.665,20.0
2019-11-14 18:05:46.670,98.665,26.0
2019-11-14 18:05:46.678,98.665,19.0
2019-11-14 18:44:54.681,98.665,45.0
2019-11-14 18:44:54.691,98.665,55.0
2019-11-14 18:45:37.090,98.665,6.0
2019-11-14 18:45:37.090,98.665,40.0
2019-11-14 18:51:33.595,98.665,63.0
2019-11-14 18:57:56.318,98.67,6.0
2019-11-14 18:57:56.337,98.67,4.0
2019-11-14 18:57:56.338,98.67,40.0
2019-11-14 18:57:56.338,98.67,5.0
2019-11-14 18:57:56.348,98.67,5.0
2019-11-14 18:57:56.348,98.67,5.0
2019-11-14 18:57:56.348,98.67,128.0
2019-11-14 18:57:56.368,98.67,29.0
2019-11-14 18:57:56.378,98.67,7.0
2019-11-14 18:57:56.378,98.67,1.0
2019-11-14 18:57:56.388,98.67,7.0
2019-11-14 18:57:56.388,98.67,14.0
2019-11-14 18:57:56.548,98.675,7.0
2019-11-14 18:57:56.548,98.675,6.0
2019-11-14 18:57:56.548,98.675,4.0
2019-11-14 18:57:56.555,98.675,3.0
2019-11-14 18:57:56.558,98.67,16.0
2019-11-14 18:57:56.668,98.67,6.0
2019-11-14 18:57:56.668,98.67,4.0
2019-11-14 18:57:56.918,98.67,81.0
2019-11-14 18:57:57.087,98.675,38.0
2019-11-14 18:57:57.555,,1.0
2019-11-14 18:57:57.689,,1.0
2019-11-14 18:57:59.039,98.67,128.0
2019-11-14 18:58:00.846,98.67,5.0
2019-11-14 18:58:00.869,98.67,7.0
2019-11-14 18:58:01.529,98.67,1.0
2019-11-14 18:58:01.919,98.67,44.0
2019-11-14 18:58:02.148,98.67,1.0
2019-11-14 18:58:02.168,98.67,128.0
2019-11-14 18:58:02.168,98.67,15.0
2019-11-14 18:58:02.296,98.67,8.0
2019-11-14 18:58:02.379,98.67,15.0
2019-11-14 19:00:20.606,98.67,3.0
2019-11-14 19:01:08.491,98.665,1.0
2019-11-14 19:01:30.770,98.67,56.0
2019-11-14 19:04:25.626,98.665,1.0
2019-11-14 19:09:21.464,,31.0
2019-11-14 19:09:21.483,,28.0
2019-11-14 19:09:21.483,,44.0
2019-11-14 19:09:21.483,,15.0
2019-11-14 19:09:21.493,,18.0
2019-11-14 19:09:21.493,,14.0
2019-11-14 19:09:47.014,98.665,268.0
2019-11-14 19:09:47.024,98.665,2.0
2019-11-14 19:09:47.024,98.665,63.0
2019-11-14 19:09:47.032,98.665,19.0
2019-11-14 19:09:47.032,98.665,16.0
2019-11-14 19:09:47.034,98.665,6.0
2019-11-14 19:09:47.034,98.665,8.0
2019-11-14 19:09:47.042,98.665,8.0
2019-11-14 19:09:47.042,98.665,10.0
2019-11-14 19:09:47.042,98.665,10.0
2019-11-14 19:09:47.042,98.665,10.0
2019-11-14 19:09:47.044,98.665,10.0
2019-11-14 19:09:47.044,98.665,10.0
2019-11-14 19:09:47.044,98.665,10.0
2019-11-14 19:09:47.044,98.665,10.0
2019-11-14 19:09:47.052,98.665,10.0
2019-11-14 19:09:47.094,98.665,11.0
2019-11-14 19:09:57.151,98.665,3.0
2019-11-14 19:09:57.161,98.665,9.0
2019-11-14 19:09:57.161,98.665,3.0
2019-11-14 19:09:57.161,98.665,3.0
2019-11-14 19:09:57.163,98.665,7.0
2019-11-14 19:09:57.163,98.665,3.0
2019-11-14 19:09:57.171,98.665,7.0
2019-11-14 19:09:57.173,98.665,11.0
2019-11-14 19:09:57.173,98.665,6.0
2019-11-14 19:09:57.182,98.665,9.0
2019-11-14 19:09:57.182,98.665,2.0
2019-11-14 19:09:57.311,98.665,7.0
2019-11-14 19:09:57.311,98.665,6.0
2019-11-14 19:09:57.313,98.665,2.0
2019-11-14 19:09:57.413,98.665,1.0
2019-11-14 19:09:57.511,98.665,11.0
2019-11-14 19:10:10.645,98.665,3.0
2019-11-14 19:11:48.523,98.665,8.0
2019-11-14 19:11:48.523,98.665,19.0
2019-11-14 19:17:49.626,98.665,6.0
2019-11-14 19:17:56.996,98.66,1.0
2019-11-14 19:26:38.044,98.665,2.0
2019-11-14 19:44:01.231,,2.0
2019-11-14 19:46:03.244,98.665,5.0
2019-11-14 19:47:34.648,98.66,1.0
2019-11-14 19:47:40.497,98.665,5.0
2019-11-14 19:47:54.447,98.665,3.0
2019-11-14 19:48:01.239,98.665,1.0
2019-11-14 19:58:19.697,98.665,8.0
2019-11-14 19:59:05.534,98.665,1.0
2019-11-14 19:59:15.745,98.665,2.0
2019-11-14 19:59:59.025,98.665,2.0
2019-11-14 19:59:59.027,98.665,11.0
2019-11-14 19:59:59.115,98.665,13.0
2019-11-14 20:00:00.647,98.665,2.0
2019-11-14 20:00:00.655,98.665,1.0
2019-11-14 20:21:41.583,98.665,31.0
2019-11-14 20:22:07.781,98.665,10.0
2019-11-14 20:22:07.789,98.665,4.0
2019-11-14 20:23:25.115,98.665,5.0
2019-11-14 20:26:24.182,98.665,5.0
2019-11-14 20:27:50.426,98.665,1.0
2019-11-14 20:27:50.437,98.665,1.0
2019-11-14 20:27:50.437,98.665,10.0
2019-11-14 20:35:00.426,98.66,10.0
2019-11-14 20:38:08.352,98.66,3.0
2019-11-14 20:50:48.201,98.665,5.0
2019-11-14 21:35:39.179,98.67,5.0
2019-11-14 21:44:34.214,98.665,16.0
2019-11-14 21:47:37.222,98.665,2.0
2019-11-14 23:41:40.815,98.655,4.0
2019-11-14 23:41:40.815,98.655,4.0
2019-11-14 23:41:40.845,98.655,2.0
2019-11-15 02:56:37.594,98.645,21.0
2019-11-15 02:56:37.874,98.645,2.0
2019-11-15 02:56:38.085,98.645,3.0
2019-11-15 06:00:20.106,98.645,4.0
2019-11-15 06:49:40.517,98.645,2.0
2019-11-15 08:06:24.589,98.65,5.0
2019-11-15 08:08:18.581,98.65,5.0
2019-11-15 08:09:53.777,98.655,5.0
2019-11-15 08:10:06.930,98.655,5.0
2019-11-15 08:14:40.704,98.66,5.0
2019-11-15 08:14:41.714,98.66,5.0
2019-11-15 08:14:41.722,98.66,4.0
2019-11-15 08:30:00.246,98.655,2.0
2019-11-15 08:31:10.956,98.66,44.0
2019-11-15 08:48:16.284,98.655,5.0
2019-11-15 08:52:33.450,98.655,5.0
2019-11-15 09:01:48.513,98.655,1.0
2019-11-15 09:01:48.513,98.655,23.0
2019-11-15 09:04:40.835,98.65,5.0
2019-11-15 09:05:06.363,98.65,3.0
2019-11-15 09:57:37.028,98.645,5.0
2019-11-15 10:02:45.673,98.645,5.0
2019-11-15 10:04:58.392,98.645,5.0
2019-11-15 10:08:40.716,98.645,5.0
2019-11-15 10:15:53.901,98.645,5.0
2019-11-15 12:00:01.141,98.65,1.0
2019-11-15 12:00:01.200,98.65,4.0
2019-11-15 12:00:28.069,98.65,1.0
2019-11-15 12:00:40.817,98.65,11.0
2019-11-15 12:00:40.827,98.65,11.0
2019-11-15 12:00:40.827,98.65,11.0
2019-11-15 12:00:40.827,98.65,5.0
2019-11-15 12:00:40.837,98.65,21.0
2019-11-15 12:05:07.419,98.645,5.0
2019-11-15 12:40:02.957,98.64,1.0
2019-11-15 12:42:09.136,98.64,5.0
2019-11-15 12:42:12.036,98.64,1.0
2019-11-15 12:57:21.838,98.64,5.0
2019-11-15 12:57:21.838,98.64,5.0
2019-11-15 12:59:37.707,98.64,1.0
2019-11-15 12:59:37.707,98.64,1.0
2019-11-15 12:59:37.709,98.64,1.0
2019-11-15 12:59:37.717,98.64,1.0
2019-11-15 12:59:37.717,98.64,1.0
2019-11-15 12:59:37.717,98.64,1.0
2019-11-15 12:59:37.717,98.64,1.0
2019-11-15 12:59:37.717,98.64,1.0
2019-11-15 13:00:18.909,98.64,1.0
2019-11-15 13:09:22.454,98.64,5.0
2019-11-15 13:11:54.981,98.64,103.0
2019-11-15 13:23:07.242,98.645,1.0
2019-11-15 13:23:07.243,98.645,1.0
2019-11-15 13:23:07.262,98.645,1.0
2019-11-15 13:23:07.262,98.645,1.0
2019-11-15 13:23:07.264,98.645,3.0
2019-11-15 13:23:07.264,98.645,1.0
2019-11-15 13:23:07.283,98.645,1.0
2019-11-15 13:23:07.283,98.645,2.0
2019-11-15 13:23:07.283,98.645,2.0
2019-11-15 13:23:07.292,98.645,15.0
2019-11-15 13:23:07.922,98.645,3.0
2019-11-15 13:23:07.922,98.645,12.0
2019-11-15 13:30:46.561,98.655,6.0
2019-11-15 13:30:46.799,98.655,4.0
2019-11-15 13:30:47.079,98.655,3.0
2019-11-15 13:31:00.071,98.655,1.0
2019-11-15 13:31:00.291,98.655,3.0
2019-11-15 13:31:00.541,98.655,1.0
2019-11-15 13:31:10.592,98.655,3.0
2019-11-15 13:31:10.810,98.655,4.0
2019-11-15 13:34:32.010,98.645,2.0
2019-11-15 13:34:36.449,98.645,2.0
2019-11-15 13:36:08.661,98.65,9.0
2019-11-15 13:43:43.997,98.65,114.0
2019-11-15 13:43:44.019,98.65,1.0
2019-11-15 13:44:03.226,98.65,13.0
2019-11-15 13:46:25.952,98.65,5.0
2019-11-15 13:54:13.279,98.65,5.0
2019-11-15 13:54:13.279,98.65,40.0
2019-11-15 13:57:12.515,98.65,177.0
2019-11-15 13:57:12.515,98.65,38.0
2019-11-15 14:09:01.936,98.65,5.0
2019-11-15 14:22:04.230,,3.0
2019-11-15 14:22:45.357,98.645,5.0
2019-11-15 14:33:16.328,98.635,1.0
2019-11-15 14:33:20.748,98.635,4.0
2019-11-15 14:50:08.608,98.64,24.0
2019-11-15 14:57:06.740,98.64,1.0
2019-11-15 14:57:06.753,98.64,3.0
2019-11-15 14:57:06.753,98.64,1.0
2019-11-15 14:57:06.772,98.64,28.0
2019-11-15 14:57:06.773,98.64,4.0
2019-11-15 14:57:06.773,98.64,6.0
2019-11-15 14:57:06.932,98.64,57.0
2019-11-15 15:00:56.270,98.64,50.0
2019-11-15 15:12:43.142,98.64,100.0
2019-11-15 15:12:43.150,98.64,154.0
2019-11-15 15:12:43.162,98.64,21.0
2019-11-15 15:12:43.162,98.64,4.0
2019-11-15 15:12:43.162,98.64,146.0
2019-11-15 15:14:12.687,98.64,10.0
2019-11-15 15:29:49.877,98.645,2.0
2019-11-15 15:45:35.629,98.645,261.0
2019-11-15 15:45:35.659,98.645,21.0
2019-11-15 15:45:35.659,98.645,8.0
2019-11-15 15:45:45.710,98.645,261.0
2019-11-15 15:57:38.863,98.645,58.0
2019-11-15 16:05:48.758,98.645,240.0
2019-11-15 16:05:48.758,98.645,6.0
2019-11-15 16:05:48.768,98.645,119.0
2019-11-15 16:05:48.778,98.645,21.0
2019-11-15 16:05:56.761,98.645,10.0
2019-11-15 16:12:05.654,98.645,5.0
2019-11-15 16:37:55.724,98.645,25.0
2019-11-15 16:55:58.765,98.64,1.0
2019-11-15 17:01:44.138,98.645,5.0
2019-11-15 17:08:44.175,98.645,5.0
2019-11-15 17:36:08.944,98.65,100.0
2019-11-15 17:36:49.384,98.65,5.0
2019-11-15 17:47:32.022,98.65,24.0
2019-11-15 17:47:32.060,98.65,18.0
2019-11-15 17:47:32.340,98.65,12.0
2019-11-15 18:29:57.717,98.65,25.0
2019-11-15 18:37:16.744,98.65,17.0
2019-11-15 18:37:16.752,98.65,1.0
2019-11-15 18:37:16.762,98.65,42.0
2019-11-15 18:37:16.764,98.65,2.0
2019-11-15 18:44:52.857,98.65,19.0
2019-11-15 18:47:16.304,98.65,11.0
2019-11-15 18:47:16.324,98.65,34.0
2019-11-15 18:47:16.324,98.65,2.0
2019-11-15 18:47:16.344,98.65,10.0
2019-11-15 18:47:16.352,98.65,11.0
2019-11-15 18:47:16.352,98.65,1.0
2019-11-15 18:47:16.524,98.65,13.0
2019-11-15 19:01:57.885,98.65,1.0
2019-11-15 19:01:58.003,98.65,1.0
2019-11-15 19:01:58.005,98.65,10.0
2019-11-15 19:02:01.572,98.65,4.0
2019-11-15 19:03:12.207,98.65,8.0
2019-11-15 19:03:12.275,98.65,7.0
2019-11-15 19:03:12.277,98.65,4.0
2019-11-15 19:03:12.317,98.65,14.0
2019-11-15 19:03:12.515,98.65,1.0
2019-11-15 19:03:12.517,98.65,8.0
2019-11-15 19:03:22.936,98.65,21.0
2019-11-15 19:03:57.807,98.65,11.0
2019-11-15 19:04:40.649,98.65,58.0
2019-11-15 19:04:57.079,98.65,21.0
2019-11-15 19:05:05.109,98.65,14.0
2019-11-15 19:05:11.439,98.65,20.0
2019-11-15 19:05:15.921,98.65,32.0
2019-11-15 19:05:22.281,98.65,36.0
2019-11-15 19:11:45.825,98.65,20.0
2019-11-15 19:17:36.896,98.65,5.0
2019-11-15 19:28:36.452,98.65,2.0
2019-11-15 19:33:42.063,98.65,3.0
2019-11-15 19:59:58.001,98.65,1.0
2019-11-15 19:59:59.000,98.65,1.0
2019-11-15 20:00:00.128,98.65,1.0
2019-11-15 20:00:00.140,98.65,1.0
2019-11-15 20:04:01.248,98.65,2.0
2019-11-15 20:04:01.248,98.65,1.0
2019-11-15 20:04:01.248,98.65,1.0
2019-11-15 20:04:01.248,98.65,1.0
2019-11-15 20:04:01.258,98.65,11.0
2019-11-15 20:12:00.632,98.65,2.0
2019-11-15 20:12:19.785,98.65,14.0
2019-11-15 20:30:49.739,98.65,21.0
2019-11-15 20:31:21.560,98.65,6.0
2019-11-15 20:38:51.998,98.65,20.0
2019-11-15 20:59:56.740,98.65,165.0
2019-11-15 20:59:56.789,98.65,4.0
2019-11-15 21:00:08.747,98.65,63.0
2019-11-15 21:15:54.614,98.65,5.0
2019-11-15 21:58:16.556,98.65,1.0
2019-11-18 07:38:07.798,98.645,10.0
2019-11-18 07:47:56.705,98.645,1.0
2019-11-18 07:47:57.515,98.645,1.0
2019-11-18 08:05:39.877,98.64,1.0
2019-11-18 08:05:39.887,98.64,1.0
2019-11-18 08:05:39.887,98.64,14.0
2019-11-18 08:40:17.530,98.635,1.0
2019-11-18 09:03:14.972,98.635,4.0
2019-11-18 12:07:35.846,98.63,5.0
2019-11-18 12:15:33.291,98.63,5.0
2019-11-18 12:15:58.571,98.63,5.0
2019-11-18 12:34:56.849,98.63,5.0
2019-11-18 12:36:11.214,98.63,34.0
2019-11-18 12:40:17.023,98.63,2.0
2019-11-18 12:40:17.053,98.63,28.0
2019-11-18 12:43:50.863,98.63,5.0
2019-11-18 13:01:44.147,98.63,5.0
2019-11-18 13:04:34.406,98.63,5.0
2019-11-18 13:05:12.423,98.63,2.0
2019-11-18 13:05:12.423,98.63,3.0
2019-11-18 13:07:13.871,98.63,5.0
2019-11-18 13:15:45.887,98.63,5.0
2019-11-18 13:19:25.047,,1.0
2019-11-18 13:19:25.047,,9.0
2019-11-18 13:20:41.452,98.635,1.0
2019-11-18 13:21:27.896,98.64,3.0
2019-11-18 13:22:25.840,98.645,30.0
2019-11-18 13:23:00.849,98.645,20.0
2019-11-18 13:25:10.113,98.645,11.0
2019-11-18 13:26:16.605,98.65,45.0
2019-11-18 13:26:24.633,98.65,1.0
2019-11-18 13:34:11.718,98.66,13.0
2019-11-18 13:34:11.720,98.66,47.0
2019-11-18 13:34:29.777,98.66,1.0
2019-11-18 13:34:29.777,98.66,1.0
2019-11-18 13:35:41.975,98.66,40.0
2019-11-18 13:48:27.628,98.66,8.0
2019-11-18 13:48:27.638,98.66,1.0
2019-11-18 13:48:27.650,98.66,10.0
2019-11-18 13:52:59.773,98.655,1.0
2019-11-18 13:52:59.773,98.655,25.0
2019-11-18 13:52:59.773,98.655,5.0
2019-11-18 13:52:59.773,98.655,2.0
2019-11-18 13:59:44.130,98.655,5.0
2019-11-18 14:02:38.225,98.655,20.0
2019-11-18 14:04:53.383,98.655,15.0
2019-11-18 14:22:17.107,98.665,236.0
2019-11-18 14:22:17.115,98.665,35.0
2019-11-18 14:28:06.019,98.67,2.0
2019-11-18 14:31:27.417,98.665,1.0
2019-11-18 14:34:28.304,98.67,10.0
2019-11-18 14:34:32.194,98.67,5.0
2019-11-18 14:41:14.599,98.675,99.0
2019-11-18 14:41:41.162,98.675,1.0
2019-11-18 14:42:20.724,98.675,3.0
2019-11-18 14:42:48.246,98.67,5.0
2019-11-18 14:44:10.171,98.67,2.0
2019-11-18 14:45:51.090,98.67,1.0
2019-11-18 14:46:00.914,,15.0
2019-11-18 14:46:00.923,,35.0
2019-11-18 14:51:46.455,98.67,2.0
2019-11-18 14:59:22.507,,5.0
2019-11-18 15:00:00.162,98.665,205.0
2019-11-18 15:06:21.355,98.665,4.0
2019-11-18 15:06:21.366,98.665,154.0
2019-11-18 15:06:21.366,98.665,14.0
2019-11-18 15:16:21.658,98.67,8.0
2019-11-18 15:16:21.699,98.67,4.0
2019-11-18 15:23:09.203,98.67,1.0
2019-11-18 15:23:09.214,98.67,2.0
2019-11-18 15:23:09.214,98.67,2.0
2019-11-18 15:23:09.214,98.67,1.0
2019-11-18 15:29:27.474,98.67,45.0
2019-11-18 15:29:27.474,,20.0
2019-11-18 15:29:27.484,,35.0
2019-11-18 15:34:58.763,98.67,4.0
2019-11-18 15:34:58.763,98.67,3.0
2019-11-18 15:54:18.060,98.67,13.0
2019-11-18 15:54:18.069,98.67,19.0
2019-11-18 15:54:18.069,98.67,2.0
2019-11-18 16:01:14.154,98.67,1.0
2019-11-18 16:01:15.125,98.67,1.0
2019-11-18 16:10:52.682,98.67,5.0
2019-11-18 16:10:52.691,98.67,3.0
2019-11-18 16:10:52.701,98.67,1.0
2019-11-18 16:10:52.711,98.67,3.0
2019-11-18 16:10:52.711,98.67,10.0
2019-11-18 16:12:02.723,98.67,2.0
2019-11-18 16:24:46.422,98.67,5.0
2019-11-18 16:26:27.526,98.67,5.0
2019-11-18 16:27:26.525,98.67,7.0
2019-11-18 16:31:11.498,98.67,5.0
2019-11-18 16:36:02.619,98.67,8.0
2019-11-18 16:36:02.627,98.67,2.0
2019-11-18 17:23:26.737,98.67,5.0
2019-11-18 17:23:26.748,98.67,5.0
2019-11-18 17:33:45.789,98.67,5.0
2019-11-18 17:39:21.559,98.67,19.0
2019-11-18 17:48:08.507,98.67,5.0
2019-11-18 18:04:36.499,98.67,22.0
2019-11-18 19:10:32.657,98.67,5.0
2019-11-18 19:10:32.666,98.67,17.0
2019-11-18 19:10:32.677,98.67,8.0
2019-11-18 19:43:59.132,98.67,20.0
2019-11-18 20:51:02.936,98.67,5.0
2019-11-18 20:51:02.936,98.67,3.0
2019-11-18 20:51:02.936,98.67,1.0
2019-11-18 20:51:02.998,98.67,2.0
2019-11-18 20:51:03.018,98.67,3.0
2019-11-18 20:51:03.018,98.67,2.0
2019-11-18 21:15:17.433,98.665,5.0
2019-11-18 21:30:05.477,98.665,5.0
2019-11-19 01:06:28.761,98.675,7.0
2019-11-19 02:01:37.554,98.665,1.0
2019-11-19 03:39:14.712,98.665,1.0
2019-11-19 06:15:46.872,98.66,1.0
2019-11-19 06:15:47.842,98.66,2.0
2019-11-19 06:15:51.462,98.66,2.0
2019-11-19 06:15:54.989,98.66,2.0
2019-11-19 06:15:58.531,98.66,1.0
2019-11-19 06:16:00.289,98.66,1.0
2019-11-19 06:16:01.381,98.66,1.0
2019-11-19 07:57:16.461,98.645,7.0
2019-11-19 07:57:21.082,98.645,5.0
2019-11-19 08:12:11.142,98.65,4.0
2019-11-19 08:12:11.152,98.65,6.0
2019-11-19 08:12:11.182,98.65,5.0
2019-11-19 08:15:12.729,98.645,15.0
2019-11-19 08:15:13.717,98.645,5.0
2019-11-19 08:24:33.382,98.64,5.0
2019-11-19 08:24:33.692,98.64,5.0
2019-11-19 08:24:33.742,98.64,17.0
2019-11-19 08:40:30.631,98.64,5.0
2019-11-19 08:44:05.523,98.645,45.0
2019-11-19 08:48:32.555,98.645,5.0
2019-11-19 08:49:29.045,98.645,15.0
2019-11-19 09:42:33.124,98.645,14.0
2019-11-19 09:42:33.162,98.645,6.0
2019-11-19 11:03:12.485,98.645,5.0
2019-11-19 11:03:12.493,98.645,5.0
2019-11-19 11:03:40.533,98.645,15.0
2019-11-19 11:09:35.566,98.645,5.0
2019-11-19 11:09:35.596,98.645,45.0
2019-11-19 11:11:03.160,98.645,13.0
2019-11-19 11:30:02.214,98.65,15.0
2019-11-19 11:30:02.214,98.65,27.0
2019-11-19 11:38:08.783,98.65,15.0
2019-11-19 12:03:19.730,98.655,5.0
2019-11-19 12:38:14.158,98.655,5.0
2019-11-19 12:38:14.168,98.655,3.0
2019-11-19 12:38:14.168,98.655,5.0
2019-11-19 12:38:14.168,98.655,1.0
2019-11-19 12:52:00.376,98.655,5.0
2019-11-19 12:56:44.582,98.655,45.0
2019-11-19 12:56:59.029,98.655,7.0
2019-11-19 12:56:59.029,98.655,2.0
2019-11-19 12:56:59.029,98.655,1.0
2019-11-19 13:01:14.853,98.655,7.0
2019-11-19 13:01:15.471,98.655,4.0
2019-11-19 13:01:15.471,98.655,1.0
2019-11-19 13:01:15.471,98.655,12.0
2019-11-19 13:01:16.353,98.655,1.0
2019-11-19 13:01:41.593,98.655,8.0
2019-11-19 13:01:41.693,98.655,30.0
2019-11-19 13:15:40.696,98.655,5.0
2019-11-19 13:29:55.084,98.66,11.0
2019-11-19 13:29:55.084,98.66,5.0
2019-11-19 13:32:34.691,98.66,5.0
2019-11-19 13:34:09.830,98.66,1.0
2019-11-19 13:34:09.830,98.66,1.0
2019-11-19 13:34:09.838,98.66,1.0
2019-11-19 13:34:09.838,98.66,1.0
2019-11-19 13:34:09.838,98.66,3.0
2019-11-19 13:34:09.838,98.66,66.0
2019-11-19 13:42:34.393,98.665,1.0
2019-11-19 13:42:42.315,98.665,30.0
2019-11-19 13:44:32.420,98.665,45.0
2019-11-19 13:45:02.149,98.665,98.0
2019-11-19 13:53:49.417,98.665,23.0
2019-11-19 13:54:33.878,,6.0
2019-11-19 14:10:57.981,98.665,313.0
2019-11-19 14:10:58.029,98.665,3.0
2019-11-19 14:10:58.131,98.665,5.0
2019-11-19 14:10:58.131,98.665,1.0
2019-11-19 14:10:59.589,98.665,45.0
2019-11-19 14:16:04.812,98.665,1.0
2019-11-19 14:18:27.531,98.665,4.0
2019-11-19 14:18:27.531,98.665,1.0
2019-11-19 14:20:21.024,98.665,2.0
2019-11-19 14:25:04.473,98.665,10.0
2019-11-19 14:25:27.491,98.665,1.0
2019-11-19 14:25:27.509,98.665,1.0
2019-11-19 14:25:27.509,98.665,1.0
2019-11-19 14:25:27.531,98.665,1.0
2019-11-19 14:25:27.539,98.665,1.0
2019-11-19 14:25:27.539,98.665,1.0
2019-11-19 14:25:27.539,98.665,1.0
2019-11-19 14:25:27.541,98.665,1.0
2019-11-19 14:25:27.549,98.665,1.0
2019-11-19 14:25:27.549,98.665,1.0
2019-11-19 14:25:27.549,98.665,1.0
2019-11-19 14:25:27.551,98.665,1.0
2019-11-19 14:25:27.559,98.665,1.0
2019-11-19 14:25:27.561,98.665,1.0
2019-11-19 14:25:27.569,98.665,1.0
2019-11-19 14:25:27.569,98.665,1.0
2019-11-19 14:25:27.569,98.665,1.0
2019-11-19 14:25:27.569,98.665,1.0
2019-11-19 14:25:27.569,98.665,1.0
2019-11-19 14:25:27.571,98.665,1.0
2019-11-19 14:25:27.571,98.665,1.0
2019-11-19 14:25:27.571,98.665,1.0
2019-11-19 14:25:27.581,98.665,1.0
2019-11-19 14:25:27.581,98.665,1.0
2019-11-19 14:25:27.581,98.665,1.0
2019-11-19 14:25:27.581,98.665,1.0
2019-11-19 14:25:27.591,98.665,1.0
2019-11-19 14:25:27.599,98.665,1.0
2019-11-19 14:25:27.599,98.665,1.0
2019-11-19 14:25:27.599,98.665,1.0
2019-11-19 14:25:27.599,98.665,1.0
2019-11-19 14:25:27.599,98.665,1.0
2019-11-19 14:25:27.599,98.665,1.0
2019-11-19 14:25:27.609,98.665,1.0
2019-11-19 14:25:27.609,98.665,1.0
2019-11-19 14:25:27.609,98.665,1.0
2019-11-19 14:25:27.609,98.665,1.0
2019-11-19 14:25:27.609,98.665,1.0
2019-11-19 14:25:27.609,98.665,1.0
2019-11-19 14:25:27.619,98.665,1.0
2019-11-19 14:25:27.619,98.665,1.0
2019-11-19 14:25:27.619,98.665,1.0
2019-11-19 14:25:27.619,98.665,1.0
2019-11-19 14:25:27.619,98.665,1.0
2019-11-19 14:25:27.619,98.665,1.0
2019-11-19 14:25:27.619,98.665,1.0
2019-11-19 14:25:27.619,98.665,1.0
2019-11-19 14:25:27.621,98.665,1.0
2019-11-19 14:25:27.621,98.665,1.0
2019-11-19 14:30:13.537,98.665,5.0
2019-11-19 14:48:13.349,,1.0
2019-11-19 14:51:17.466,98.67,122.0
2019-11-19 14:51:17.496,98.67,17.0
2019-11-19 14:51:17.496,98.67,12.0
2019-11-19 14:51:27.353,98.67,10.0
2019-11-19 14:51:27.355,98.67,17.0
2019-11-19 14:51:27.375,98.67,22.0
2019-11-19 14:51:27.384,98.67,15.0
2019-11-19 14:52:16.656,98.67,22.0
2019-11-19 14:52:16.658,98.67,48.0
2019-11-19 14:59:16.376,98.67,82.0
2019-11-19 14:59:16.386,98.67,31.0
2019-11-19 14:59:20.237,98.67,5.0
2019-11-19 15:01:04.835,,10.0
2019-11-19 15:01:04.835,,10.0
2019-11-19 15:01:04.835,,10.0
2019-11-19 15:01:04.835,,10.0
2019-11-19 15:01:04.835,,10.0
2019-11-19 15:01:50.957,98.67,10.0
2019-11-19 15:03:27.098,98.67,7.0
2019-11-19 15:04:52.593,98.67,1.0
2019-11-19 15:04:52.603,98.67,1.0
2019-11-19 15:05:02.034,98.67,4.0
2019-11-19 15:05:04.703,98.67,7.0
2019-11-19 15:05:04.963,98.67,4.0
2019-11-19 15:05:05.213,98.67,5.0
2019-11-19 15:05:38.094,98.67,11.0
2019-11-19 15:12:51.086,98.67,20.0
2019-11-19 15:14:15.512,98.67,24.0
2019-11-19 15:14:15.530,98.67,24.0
2019-11-19 15:14:15.540,98.67,40.0
2019-11-19 15:14:15.552,98.67,5.0
2019-11-19 15:14:29.980,98.67,10.0
2019-11-19 15:15:19.285,98.67,5.0
2019-11-19 15:15:19.285,,10.0
2019-11-19 15:18:08.332,98.67,5.0
2019-11-19 15:18:56.615,98.67,5.0
2019-11-19 15:18:56.645,98.67,1.0
2019-11-19 15:21:27.212,98.67,15.0
2019-11-19 15:21:30.971,98.67,1.0
2019-11-19 15:21:30.973,98.67,5.0
2019-11-19 15:21:30.993,98.67,2.0
2019-11-19 15:30:01.063,98.67,5.0
2019-11-19 15:30:09.565,,1.0
2019-11-19 15:36:54.417,98.675,5.0
2019-11-19 15:48:49.194,98.675,9.0
2019-11-19 15:51:41.805,98.68,1.0
2019-11-19 15:51:41.817,98.68,44.0
2019-11-19 15:51:42.097,98.685,2.0
2019-11-19 15:51:42.125,98.685,1.0
2019-11-19 15:51:42.127,98.685,2.0
2019-11-19 15:52:29.111,98.685,6.0
2019-11-19 15:52:41.613,98.685,45.0
2019-11-19 15:56:06.743,98.685,40.0
2019-11-19 15:56:06.773,98.685,10.0
2019-11-19 15:56:06.785,98.685,45.0
2019-11-19 15:57:00.660,98.685,10.0
2019-11-19 15:57:00.690,98.685,10.0
2019-11-19 15:57:47.410,98.685,10.0
2019-11-19 15:58:03.519,98.685,10.0
2019-11-19 15:58:03.569,98.685,10.0
2019-11-19 15:58:03.589,98.685,45.0
2019-11-19 15:58:03.608,98.685,10.0
2019-11-19 15:58:03.619,98.685,3.0
2019-11-19 15:58:03.629,98.685,7.0
2019-11-19 15:58:03.639,98.685,10.0
2019-11-19 15:58:03.659,98.685,45.0
2019-11-19 16:01:15.457,98.685,37.0
2019-11-19 16:01:15.555,98.685,10.0
2019-11-19 16:01:15.575,98.685,10.0
2019-11-19 16:01:15.583,98.685,35.0
2019-11-19 16:11:45.559,98.685,25.0
2019-11-19 16:11:45.589,98.685,10.0
2019-11-19 16:11:45.609,98.685,5.0
2019-11-19 16:11:45.618,98.685,5.0
2019-11-19 16:11:45.628,98.685,10.0
2019-11-19 16:11:49.158,98.685,10.0
2019-11-19 16:12:00.666,98.685,10.0
2019-11-19 16:12:00.696,98.685,10.0
2019-11-19 16:12:00.714,98.685,10.0
2019-11-19 16:12:00.734,98.685,10.0
2019-11-19 16:12:00.746,98.685,10.0
2019-11-19 16:12:00.764,98.685,10.0
2019-11-19 16:12:00.784,98.685,10.0
2019-11-19 16:12:00.804,98.685,10.0
2019-11-19 16:12:00.826,98.685,10.0
2019-11-19 16:12:00.846,98.685,10.0
2019-11-19 16:12:00.866,98.685,10.0
2019-11-19 16:12:00.884,98.685,10.0
2019-11-19 16:12:00.904,98.685,10.0
2019-11-19 16:12:00.926,98.685,10.0
2019-11-19 16:12:00.934,98.685,10.0
2019-11-19 16:12:01.635,98.685,10.0
2019-11-19 16:12:01.664,98.685,10.0
2019-11-19 16:12:01.685,98.685,10.0
2019-11-19 16:12:01.695,98.685,1.0
2019-11-19 16:12:01.695,98.685,9.0
2019-11-19 16:12:01.715,98.685,10.0
2019-11-19 16:12:01.736,98.685,10.0
2019-11-19 16:12:01.756,98.685,10.0
2019-11-19 16:12:01.773,98.685,10.0
2019-11-19 16:12:01.795,98.685,10.0
2019-11-19 16:12:01.816,98.685,10.0
2019-11-19 16:13:40.955,98.685,1.0
2019-11-19 16:19:28.052,98.68,10.0
2019-11-19 16:21:55.634,98.68,9.0
2019-11-19 16:22:02.672,98.68,2.0
2019-11-19 16:24:15.928,98.68,3.0
2019-11-19 16:26:23.564,98.68,2.0
2019-11-19 16:29:44.198,98.68,5.0
2019-11-19 16:36:53.099,98.68,5.0
2019-11-19 16:38:40.425,98.675,5.0
2019-11-19 16:38:40.425,98.675,4.0
2019-11-19 16:38:40.426,98.675,6.0
2019-11-19 16:38:40.426,98.675,1.0
2019-11-19 16:38:52.584,98.675,67.0
2019-11-19 16:39:14.746,98.67,2.0
2019-11-19 16:40:10.649,98.675,24.0
2019-11-19 16:40:10.679,98.675,11.0
2019-11-19 16:40:20.438,98.675,1.0
2019-11-19 16:40:20.438,98.675,1.0
2019-11-19 16:40:20.438,98.675,1.0
2019-11-19 16:40:20.438,98.675,1.0
2019-11-19 16:40:20.438,98.675,2.0
2019-11-19 16:40:20.438,98.675,1.0
2019-11-19 16:40:20.438,98.675,1.0
2019-11-19 16:40:20.440,98.675,1.0
2019-11-19 16:45:54.973,98.675,5.0
2019-11-19 16:54:53.542,98.675,6.0
2019-11-19 16:54:53.550,98.675,1.0
2019-11-19 16:54:53.552,98.675,9.0
2019-11-19 16:55:08.823,98.675,5.0
2019-11-19 17:05:11.072,98.68,5.0
2019-11-19 17:05:11.081,98.68,20.0
2019-11-19 17:05:26.120,98.68,9.0
2019-11-19 17:20:54.111,98.68,5.0
2019-11-19 17:22:28.756,98.68,63.0
2019-11-19 17:22:28.836,98.68,16.0
2019-11-19 17:26:54.092,98.68,45.0
2019-11-19 18:02:39.186,98.685,1.0
2019-11-19 18:03:06.813,98.685,22.0
2019-11-19 18:39:32.646,98.685,7.0
2019-11-19 18:39:32.744,98.685,2.0
2019-11-19 18:39:33.336,98.685,2.0
2019-11-19 18:39:58.065,98.685,3.0
2019-11-19 18:44:32.199,98.685,1.0
2019-11-19 18:44:32.199,98.685,112.0
2019-11-19 18:44:45.649,98.685,5.0
2019-11-19 18:47:01.868,98.69,33.0
2019-11-19 18:47:02.146,98.69,5.0
2019-11-19 19:07:59.915,98.685,128.0
2019-11-19 19:07:59.924,98.685,109.0
2019-11-19 19:07:59.955,98.685,1.0
2019-11-19 19:08:52.881,98.68,69.0
2019-11-19 19:08:53.471,98.68,5.0
2019-11-19 19:27:26.279,98.68,5.0
2019-11-19 19:28:56.310,98.68,3.0
2019-11-19 19:28:56.331,98.68,2.0
2019-11-19 19:46:07.127,98.68,45.0
2019-11-19 19:46:07.167,98.68,10.0
2019-11-19 19:58:20.892,98.685,7.0
2019-11-19 19:59:40.613,98.685,5.0
2019-11-19 20:01:54.606,98.685,17.0
2019-11-19 20:01:54.614,98.685,14.0
2019-11-19 20:02:11.225,98.685,6.0
2019-11-19 20:02:11.245,98.685,4.0
2019-11-19 20:02:11.245,98.685,9.0
2019-11-19 20:02:11.246,98.685,4.0
2019-11-19 20:02:11.255,98.685,156.0
2019-11-19 20:02:11.255,98.685,128.0
2019-11-19 20:02:11.255,98.685,4.0
2019-11-19 20:02:11.286,98.685,4.0
2019-11-19 20:02:11.654,98.685,15.0
2019-11-19 20:02:11.666,98.685,7.0
2019-11-19 20:02:11.666,98.685,3.0
2019-11-19 20:02:11.816,98.685,4.0
2019-11-19 20:02:11.916,98.685,17.0
2019-11-19 20:02:12.255,98.685,14.0
2019-11-19 20:02:12.266,98.685,2.0
2019-11-19 20:02:52.415,98.685,7.0
2019-11-19 20:02:58.817,98.685,2.0
2019-11-19 20:02:58.917,98.685,18.0
2019-11-19 20:02:59.098,98.685,14.0
2019-11-19 20:02:59.207,98.685,15.0
2019-11-19 20:02:59.317,98.685,15.0
2019-11-19 20:02:59.885,98.685,15.0
2019-11-19 20:03:00.117,98.685,15.0
2019-11-19 20:03:00.117,98.685,1.0
2019-11-19 20:03:00.217,98.685,3.0
2019-11-19 20:52:42.796,98.685,4.0
2019-11-19 21:10:42.996,98.685,6.0
2019-11-19 21:10:43.056,98.685,8.0
2019-11-19 21:10:53.104,98.685,2.0
2019-11-19 21:10:53.112,98.685,12.0
2019-11-19 21:14:36.565,98.685,2.0
2019-11-19 21:25:35.341,98.685,4.0
2019-11-20 01:57:30.834,98.71,1.0
2019-11-20 01:58:20.270,98.71,1.0
2019-11-20 08:06:05.203,98.71,5.0
2019-11-20 08:13:31.794,98.71,5.0
2019-11-20 08:13:34.944,98.71,5.0
2019-11-20 08:13:51.055,98.71,5.0
2019-11-20 08:28:33.306,98.71,5.0
2019-11-20 08:42:59.284,98.705,5.0
2019-11-20 08:42:59.312,98.705,5.0
2019-11-20 09:05:45.699,98.705,2.0
2019-11-20 09:05:45.707,98.705,1.0
2019-11-20 09:32:58.286,98.7,7.0
2019-11-20 09:41:12.478,98.7,5.0
2019-11-20 09:55:35.134,98.705,10.0
2019-11-20 10:21:07.976,98.7,5.0
2019-11-20 10:26:42.681,,2.0
2019-11-20 11:03:18.816,98.705,5.0
2019-11-20 11:13:29.426,98.705,5.0
2019-11-20 11:13:29.428,98.705,5.0
2019-11-20 11:13:29.428,98.705,5.0
2019-11-20 11:34:00.085,98.705,5.0
2019-11-20 11:35:19.727,98.705,5.0
2019-11-20 11:43:30.664,98.705,5.0
2019-11-20 12:10:23.788,98.7,45.0
2019-11-20 12:10:23.798,98.7,5.0
2019-11-20 12:11:37.131,98.7,40.0
2019-11-20 12:12:10.332,98.7,50.0
2019-11-20 12:13:14.697,98.7,45.0
2019-11-20 12:22:11.765,98.7,45.0
2019-11-20 12:22:11.775,98.7,1.0
2019-11-20 12:22:48.345,98.7,5.0
2019-11-20 12:37:02.567,98.705,1.0
2019-11-20 12:37:02.609,98.705,2.0
2019-11-20 12:37:02.667,98.705,13.0
2019-11-20 12:37:02.679,98.705,27.0
2019-11-20 12:37:02.739,98.705,2.0
2019-11-20 12:37:02.747,98.705,4.0
2019-11-20 12:37:02.747,98.705,11.0
2019-11-20 12:37:02.759,98.705,2.0
2019-11-20 12:37:02.759,98.705,2.0
2019-11-20 12:37:02.837,98.705,5.0
2019-11-20 12:38:38.054,98.71,5.0
2019-11-20 12:39:34.450,98.71,5.0
2019-11-20 12:41:18.589,98.71,2.0
2019-11-20 12:47:23.506,98.71,18.0
2019-11-20 12:47:33.518,98.71,8.0
2019-11-20 12:47:35.015,98.71,15.0
2019-11-20 12:52:10.019,98.71,6.0
2019-11-20 12:53:08.068,98.71,32.0
2019-11-20 12:56:39.915,98.71,1.0
2019-11-20 12:59:49.374,,4.0
2019-11-20 13:02:43.663,,20.0
2019-11-20 13:05:34.458,,2.0
2019-11-20 13:05:34.528,,2.0
2019-11-20 13:05:35.618,,2.0
2019-11-20 13:05:36.657,,2.0
2019-11-20 13:05:42.065,,32.0
2019-11-20 13:30:38.673,98.705,1.0
2019-11-20 13:35:37.819,98.705,14.0
2019-11-20 13:44:18.968,98.705,1.0
2019-11-20 13:44:20.016,98.705,1.0
2019-11-20 13:50:18.802,,1.0
2019-11-20 13:50:18.822,,28.0
2019-11-20 13:50:18.852,,21.0
2019-11-20 13:53:56.817,98.71,205.0
2019-11-20 13:53:59.845,98.71,24.0
2019-11-20 13:53:59.845,98.71,6.0
2019-11-20 13:53:59.847,98.71,128.0
2019-11-20 13:53:59.847,98.71,42.0
2019-11-20 13:54:10.833,98.71,4.0
2019-11-20 13:54:10.833,98.71,6.0
2019-11-20 13:54:10.833,98.71,157.0
2019-11-20 13:54:10.833,98.71,33.0
2019-11-20 14:02:51.406,98.71,150.0
2019-11-20 14:07:35.150,98.71,5.0
2019-11-20 14:09:17.512,98.705,15.0
2019-11-20 14:09:17.512,98.705,7.0
2019-11-20 14:09:18.032,98.705,17.0
2019-11-20 14:17:31.326,,10.0
2019-11-20 14:22:49.580,98.7,1.0
2019-11-20 14:25:12.516,98.7,6.0
2019-11-20 14:25:29.716,98.7,2.0
2019-11-20 14:28:32.917,98.7,20.0
2019-11-20 14:32:28.313,98.7,23.0
2019-11-20 14:32:28.323,98.7,33.0
2019-11-20 14:32:50.816,98.695,24.0
2019-11-20 14:43:46.558,98.7,1.0
2019-11-20 14:43:46.595,98.7,6.0
2019-11-20 14:52:43.305,98.7,5.0
2019-11-20 14:52:43.305,98.7,9.0
2019-11-20 14:52:43.314,98.7,4.0
2019-11-20 14:52:53.265,98.7,60.0
2019-11-20 14:55:35.275,98.705,45.0
2019-11-20 15:00:11.563,98.705,2.0
2019-11-20 15:00:16.613,98.705,2.0
2019-11-20 15:04:29.477,98.705,16.0
2019-11-20 15:04:29.487,98.705,2.0
2019-11-20 15:04:29.487,98.705,36.0
2019-11-20 15:04:36.974,98.705,1.0
2019-11-20 15:05:30.186,98.705,1.0
2019-11-20 15:06:35.891,98.705,5.0
2019-11-20 15:07:14.662,98.705,5.0
2019-11-20 15:19:32.466,98.71,1.0
2019-11-20 15:19:32.498,98.71,1.0
2019-11-20 15:22:01.846,98.71,116.0
2019-11-20 15:23:10.849,98.71,5.0
2019-11-20 15:23:10.873,98.71,40.0
2019-11-20 15:24:18.627,98.71,45.0
2019-11-20 15:26:19.063,98.71,5.0
2019-11-20 15:26:19.075,98.71,4.0
2019-11-20 15:26:19.075,98.71,5.0
2019-11-20 15:29:16.910,98.705,1.0
2019-11-20 15:31:18.478,98.705,1.0
2019-11-20 15:31:18.488,98.705,2.0
2019-11-20 15:31:18.598,98.705,2.0
2019-11-20 15:36:56.614,98.7,3.0
2019-11-20 15:40:49.248,98.705,5.0
2019-11-20 15:40:51.926,98.705,92.0
2019-11-20 15:42:07.576,98.705,10.0
2019-11-20 15:47:21.867,98.705,1.0
2019-11-20 15:47:21.869,98.705,1.0
2019-11-20 15:47:21.869,98.705,1.0
2019-11-20 15:47:21.869,98.705,1.0
2019-11-20 15:47:21.869,98.705,1.0
2019-11-20 16:03:15.727,98.705,10.0
2019-11-20 16:04:11.330,98.705,10.0
2019-11-20 16:11:43.648,98.705,49.0
2019-11-20 16:13:32.409,98.705,5.0
2019-11-20 16:36:08.962,98.7,50.0
2019-11-20 16:42:04.464,98.695,5.0
2019-11-20 16:42:04.475,98.695,6.0
2019-11-20 16:51:09.373,98.695,2.0
2019-11-20 16:51:09.374,98.695,3.0
2019-11-20 16:51:09.374,98.695,2.0
2019-11-20 16:51:09.476,98.695,7.0
2019-11-20 16:51:09.486,98.695,1.0
2019-11-20 16:51:09.486,98.695,1.0
2019-11-20 16:51:09.496,98.695,2.0
2019-11-20 16:51:09.496,98.695,2.0
2019-11-20 16:51:09.525,98.695,12.0
2019-11-20 16:51:09.526,98.695,3.0
2019-11-20 16:51:09.526,98.695,27.0
2019-11-20 16:51:09.565,98.695,2.0
2019-11-20 16:51:09.565,98.695,1.0
2019-11-20 16:55:25.768,98.695,1.0
2019-11-20 16:55:25.778,98.695,1.0
2019-11-20 16:55:25.778,98.695,1.0
2019-11-20 16:55:25.788,98.695,1.0
2019-11-20 16:55:25.828,98.695,2.0
2019-11-20 16:55:25.828,98.695,1.0
2019-11-20 16:55:31.976,98.695,3.0
2019-11-20 16:57:02.968,98.695,12.0
2019-11-20 16:57:02.968,98.695,1.0
2019-11-20 16:57:02.970,98.695,10.0
2019-11-20 16:57:03.538,98.695,14.0
2019-11-20 17:15:48.708,98.7,5.0
2019-11-20 17:15:48.718,98.7,5.0
2019-11-20 17:15:53.276,98.7,10.0
2019-11-20 17:21:08.577,98.7,5.0
2019-11-20 17:42:04.783,98.695,3.0
2019-11-20 17:55:01.243,98.7,11.0
2019-11-20 17:55:01.733,98.705,5.0
2019-11-20 17:55:01.899,98.705,52.0
2019-11-20 17:55:01.903,98.705,1.0
2019-11-20 17:55:01.928,98.705,1.0
2019-11-20 17:55:01.928,98.705,1.0
2019-11-20 17:55:01.928,98.705,1.0
2019-11-20 17:55:01.942,98.705,2.0
2019-11-20 17:55:01.949,98.705,1.0
2019-11-20 17:55:01.949,98.705,1.0
2019-11-20 17:55:01.959,98.705,1.0
2019-11-20 17:55:01.959,98.705,1.0
2019-11-20 17:55:01.970,98.705,1.0
2019-11-20 17:55:01.970,98.705,1.0
2019-11-20 17:55:01.979,98.705,1.0
2019-11-20 17:55:01.979,98.705,1.0
2019-11-20 17:55:01.979,98.705,1.0
2019-11-20 17:55:01.986,98.705,1.0
2019-11-20 17:55:01.989,98.705,2.0
2019-11-20 17:55:03.162,,5.0
2019-11-20 17:55:03.171,,1.0
2019-11-20 17:55:03.183,,3.0
2019-11-20 17:55:03.221,98.705,2.0
2019-11-20 17:55:05.350,98.705,2.0
2019-11-20 17:55:05.363,98.705,6.0
2019-11-20 17:55:05.369,98.705,15.0
2019-11-20 17:55:05.385,98.705,6.0
2019-11-20 17:55:05.385,98.705,12.0
2019-11-20 17:55:05.764,98.705,4.0
2019-11-20 17:55:05.764,98.705,3.0
2019-11-20 17:55:05.764,98.705,3.0
2019-11-20 17:55:05.765,98.705,13.0
2019-11-20 17:55:05.772,98.705,7.0
2019-11-20 17:55:05.772,98.705,1.0
2019-11-20 17:55:05.782,98.705,1.0
2019-11-20 17:55:05.782,98.705,1.0
2019-11-20 17:55:05.801,98.705,5.0
2019-11-20 17:55:05.801,98.705,4.0
2019-11-20 17:55:21.840,98.71,5.0
2019-11-20 17:55:21.852,98.71,40.0
2019-11-20 17:55:40.985,98.71,5.0
2019-11-20 17:56:17.713,98.715,5.0
2019-11-20 17:56:56.058,98.715,1.0
2019-11-20 17:56:56.058,98.715,7.0
2019-11-20 17:57:09.229,98.715,1.0
2019-11-20 17:57:10.260,98.715,1.0
2019-11-20 17:57:10.270,98.715,2.0
2019-11-20 17:57:11.259,98.715,1.0
2019-11-20 17:57:11.267,98.715,2.0
2019-11-20 17:59:18.263,98.715,6.0
2019-11-20 18:01:18.080,98.71,1.0
2019-11-20 18:01:18.080,98.71,5.0
2019-11-20 18:02:19.681,98.71,3.0
2019-11-20 18:02:19.689,98.71,3.0
2019-11-20 18:02:19.689,98.71,2.0
2019-11-20 18:02:19.689,98.71,1.0
2019-11-20 18:02:19.689,98.71,2.0
2019-11-20 18:02:19.689,98.71,1.0
2019-11-20 18:02:19.689,98.71,1.0
2019-11-20 18:02:19.689,98.71,1.0
2019-11-20 18:02:19.689,98.71,1.0
2019-11-20 18:02:19.689,98.71,1.0
2019-11-20 18:02:19.689,98.71,1.0
2019-11-20 18:02:19.689,98.71,1.0
2019-11-20 18:02:19.689,98.71,1.0
2019-11-20 18:02:19.689,98.71,1.0
2019-11-20 18:02:20.151,98.71,28.0
2019-11-20 18:03:05.090,98.705,6.0
2019-11-20 18:12:10.917,98.72,128.0
2019-11-20 18:12:10.988,98.72,57.0
2019-11-20 18:12:11.176,98.72,5.0
2019-11-20 18:12:11.176,98.72,1.0
2019-11-20 18:12:22.659,,1.0
2019-11-20 18:12:25.898,98.72,128.0
2019-11-20 18:12:25.911,98.72,167.0
2019-11-20 18:14:37.898,98.72,44.0
2019-11-20 18:16:20.984,98.72,2.0
2019-11-20 18:24:45.162,98.72,5.0
2019-11-20 18:26:10.686,98.715,5.0
2019-11-20 18:26:10.696,98.715,1.0
2019-11-20 18:26:10.696,98.715,1.0
2019-11-20 18:26:10.696,98.715,3.0
2019-11-20 18:26:10.698,98.715,2.0
2019-11-20 18:26:10.698,98.715,1.0
2019-11-20 18:26:10.706,98.715,2.0
2019-11-20 18:26:10.706,98.715,1.0
2019-11-20 18:26:10.706,98.715,1.0
2019-11-20 18:26:10.706,98.715,3.0
2019-11-20 18:26:10.708,98.715,1.0
2019-11-20 18:26:10.716,98.715,1.0
2019-11-20 18:26:10.718,98.715,1.0
2019-11-20 18:26:10.726,98.715,1.0
2019-11-20 18:26:10.726,98.715,2.0
2019-11-20 18:26:10.728,98.715,1.0
2019-11-20 18:26:10.728,98.715,5.0
2019-11-20 18:26:10.736,98.715,4.0
2019-11-20 18:26:10.736,98.715,3.0
2019-11-20 18:26:10.738,98.715,7.0
2019-11-20 18:26:10.746,98.715,1.0
2019-11-20 18:26:10.849,98.715,19.0
2019-11-20 18:26:10.858,98.715,50.0
2019-11-20 18:26:11.036,98.715,1.0
2019-11-20 18:26:11.038,98.715,1.0
2019-11-20 18:26:11.058,98.715,1.0
2019-11-20 18:26:11.058,98.715,1.0
2019-11-20 18:26:11.168,98.715,40.0
2019-11-20 18:26:15.147,98.715,2.0
2019-11-20 18:26:15.148,98.715,10.0
2019-11-20 18:30:01.148,98.72,14.0
2019-11-20 18:30:01.150,98.72,9.0
2019-11-20 18:30:01.160,98.72,2.0
2019-11-20 18:37:39.803,98.72,20.0
2019-11-20 18:37:39.812,98.72,1.0
2019-11-20 18:52:18.466,98.715,5.0
2019-11-20 18:52:21.315,98.715,3.0
2019-11-20 18:52:23.414,98.715,2.0
2019-11-20 18:52:28.547,98.715,2.0
2019-11-20 18:52:28.756,98.715,2.0
2019-11-20 18:52:30.857,98.715,1.0
2019-11-20 18:52:37.406,98.715,1.0
2019-11-20 18:52:50.528,98.715,1.0
2019-11-20 18:52:50.996,98.715,1.0
2019-11-20 18:53:01.360,98.715,1.0
2019-11-20 18:53:47.358,98.71,9.0
2019-11-20 18:53:47.378,98.71,1.0
2019-11-20 18:53:47.380,98.71,2.0
2019-11-20 18:53:47.388,98.71,1.0
2019-11-20 19:01:12.371,98.715,2.0
2019-11-20 19:01:12.381,98.715,18.0
2019-11-20 19:11:47.196,98.72,55.0
2019-11-20 19:12:22.217,98.72,5.0
2019-11-20 19:14:17.416,98.72,2.0
2019-11-20 19:16:06.501,98.715,19.0
2019-11-20 19:16:06.701,98.715,5.0
2019-11-20 19:16:07.821,98.715,5.0
2019-11-20 19:18:37.282,98.71,7.0
2019-11-20 19:18:37.289,98.71,44.0
2019-11-20 19:18:38.080,98.71,23.0
2019-11-20 19:19:08.710,98.71,128.0
2019-11-20 19:19:08.740,98.71,20.0
2019-11-20 19:19:08.750,98.71,12.0
2019-11-20 19:25:16.196,98.715,167.0
2019-11-20 19:29:07.865,98.72,5.0
2019-11-20 19:29:07.885,98.72,10.0
2019-11-20 19:29:07.885,98.72,40.0
2019-11-20 19:33:29.193,,4.0
2019-11-20 19:51:32.377,98.72,8.0
2019-11-20 19:51:32.407,98.72,6.0
2019-11-20 19:52:05.480,98.72,10.0
2019-11-20 19:52:59.971,98.72,135.0
2019-11-20 19:56:25.519,98.72,2.0
2019-11-20 19:58:07.141,98.715,2.0
2019-11-20 19:58:23.541,98.715,42.0
2019-11-20 19:58:23.559,98.715,4.0
2019-11-20 19:58:23.559,98.715,36.0
2019-11-20 19:58:23.559,98.715,18.0
2019-11-20 19:58:23.559,98.715,9.0
2019-11-20 19:58:23.559,98.715,9.0
2019-11-20 19:58:23.559,98.715,2.0
2019-11-20 19:58:23.609,98.715,14.0
2019-11-20 19:58:23.891,98.715,10.0
2019-11-20 19:58:24.011,98.715,12.0
2019-11-20 19:58:24.121,98.715,12.0
2019-11-20 19:58:26.621,98.715,14.0
2019-11-20 19:58:29.689,98.715,10.0
2019-11-20 20:00:14.945,98.715,3.0
2019-11-20 20:03:16.750,98.72,1.0
2019-11-20 20:03:16.750,98.72,1.0
2019-11-20 20:03:16.750,98.72,1.0
2019-11-20 20:03:16.753,98.72,4.0
2019-11-20 20:03:20.004,98.72,3.0
2019-11-20 20:03:20.012,98.72,3.0
2019-11-20 20:03:20.012,98.72,2.0
2019-11-20 20:03:20.012,98.72,2.0
2019-11-20 20:03:20.012,98.72,1.0
2019-11-20 20:03:20.012,98.72,1.0
2019-11-20 20:03:20.012,98.72,1.0
2019-11-20 20:03:20.013,98.72,1.0
2019-11-20 20:03:20.013,98.72,1.0
2019-11-20 20:03:20.013,98.72,1.0
2019-11-20 20:03:20.013,98.72,1.0
2019-11-20 20:03:24.115,98.72,2.0
2019-11-20 20:03:28.575,98.72,2.0
2019-11-20 20:16:10.932,98.72,13.0
2019-11-20 20:16:10.942,98.72,176.0
2019-11-20 20:16:10.962,98.72,2.0
2019-11-20 20:16:10.974,98.72,2.0
2019-11-20 20:16:11.062,98.72,10.0
2019-11-20 20:16:11.104,98.72,10.0
2019-11-20 20:16:11.224,98.72,10.0
2019-11-20 20:16:11.324,98.72,10.0
2019-11-20 20:16:11.374,98.72,10.0
2019-11-20 20:16:12.024,98.72,10.0
2019-11-20 20:16:12.124,98.72,10.0
2019-11-20 20:16:12.174,98.72,10.0
2019-11-20 20:16:12.322,98.72,10.0
2019-11-20 20:16:12.334,98.72,9.0
2019-11-20 20:16:12.434,98.72,11.0
2019-11-20 20:16:12.772,98.72,7.0
2019-11-20 20:23:18.659,98.72,17.0
2019-11-20 21:01:10.740,98.715,17.0
2019-11-20 21:05:18.232,98.715,5.0
2019-11-20 21:15:29.777,98.71,12.0
2019-11-20 21:15:32.265,98.71,12.0
2019-11-20 21:15:33.326,98.71,14.0
2019-11-20 21:15:35.026,98.71,11.0
2019-11-20 21:22:56.644,98.705,25.0
2019-11-20 21:55:32.345,98.705,1.0
2019-11-20 21:55:32.357,98.705,3.0
2019-11-21 00:01:42.814,98.72,1.0
2019-11-21 01:50:29.099,,19.0
2019-11-21 02:21:29.721,98.735,1.0
2019-11-21 02:21:30.161,98.735,2.0
2019-11-21 02:21:30.521,98.735,1.0
2019-11-21 02:21:34.800,98.735,1.0
2019-11-21 06:57:03.558,98.715,16.0
2019-11-21 07:23:13.362,98.71,10.0
2019-11-21 08:02:02.937,98.71,5.0
2019-11-21 08:02:02.946,98.71,17.0
2019-11-21 08:14:00.749,98.715,5.0
2019-11-21 08:17:38.240,98.715,5.0
2019-11-21 08:21:34.742,98.715,5.0
2019-11-21 08:26:15.568,98.715,9.0
2019-11-21 08:29:32.849,98.715,5.0
2019-11-21 08:34:29.101,98.72,9.0
2019-11-21 08:35:07.021,98.72,5.0
2019-11-21 08:35:37.954,98.72,5.0
2019-11-21 08:53:12.647,98.715,27.0
2019-11-21 08:57:05.647,98.715,5.0
2019-11-21 08:59:41.610,98.715,5.0
2019-11-21 09:14:38.857,98.71,18.0
2019-11-21 09:17:59.812,98.71,45.0
2019-11-21 09:20:41.665,98.71,5.0
2019-11-21 09:34:40.327,98.71,51.0
2019-11-21 09:35:51.945,98.71,5.0
2019-11-21 09:48:28.890,98.705,1.0
2019-11-21 09:48:28.901,98.705,1.0
2019-11-21 09:48:28.901,98.705,1.0
2019-11-21 09:48:29.002,98.705,2.0
2019-11-21 10:03:56.363,98.7,1.0
2019-11-21 10:06:32.163,98.7,3.0
2019-11-21 10:06:32.283,98.7,5.0
2019-11-21 10:07:50.617,98.7,5.0
2019-11-21 10:08:23.969,98.695,1.0
2019-11-21 10:29:12.298,98.7,7.0
2019-11-21 10:29:17.116,98.7,10.0
2019-11-21 10:29:26.647,98.7,4.0
2019-11-21 10:38:21.304,98.7,66.0
2019-11-21 10:45:55.007,,2.0
2019-11-21 10:47:01.605,98.695,24.0
2019-11-21 10:47:01.615,,2.0
2019-11-21 10:47:25.764,98.695,14.0
2019-11-21 10:47:53.075,98.695,23.0
2019-11-21 10:57:43.101,98.7,5.0
2019-11-21 10:59:18.154,98.7,5.0
2019-11-21 11:55:25.968,98.7,5.0
2019-11-21 11:55:25.968,98.7,5.0
2019-11-21 11:55:25.968,98.7,5.0
2019-11-21 12:00:31.416,,2.0
2019-11-21 12:00:31.425,,2.0
2019-11-21 12:00:31.566,,2.0
2019-11-21 12:04:52.478,98.705,20.0
2019-11-21 13:03:23.731,98.705,45.0
2019-11-21 13:03:23.999,98.705,5.0
2019-11-21 13:03:23.999,98.705,40.0
2019-11-21 13:04:36.204,98.705,10.0
2019-11-21 13:07:28.139,98.7,2.0
2019-11-21 13:07:28.170,98.7,128.0
2019-11-21 13:07:28.249,98.7,5.0
2019-11-21 13:07:28.300,98.7,1.0
2019-11-21 13:07:28.310,98.7,40.0
2019-11-21 13:07:28.330,98.7,1.0
2019-11-21 13:07:28.389,98.7,40.0
2019-11-21 13:07:28.791,98.7,265.0
2019-11-21 13:07:42.992,98.695,5.0
2019-11-21 13:07:43.000,98.695,1.0
2019-11-21 13:07:43.000,98.695,4.0
2019-11-21 13:07:51.222,98.695,11.0
2019-11-21 13:08:39.418,98.695,8.0
2019-11-21 13:08:41.056,98.695,3.0
2019-11-21 13:08:52.330,98.695,1.0
2019-11-21 13:08:52.350,98.695,1.0
2019-11-21 13:10:10.843,98.695,2.0
2019-11-21 13:10:10.844,98.695,1.0
2019-11-21 13:10:10.865,98.695,1.0
2019-11-21 13:10:10.865,98.695,1.0
2019-11-21 13:10:10.875,98.695,1.0
2019-11-21 13:10:10.895,98.695,1.0
2019-11-21 13:10:10.944,98.695,1.0
2019-11-21 13:13:34.234,98.69,3.0
2019-11-21 13:17:05.771,98.69,50.0
2019-11-21 13:17:05.779,98.69,19.0
2019-11-21 13:17:05.789,,2.0
2019-11-21 13:17:05.789,,2.0
2019-11-21 13:20:15.224,98.695,5.0
2019-11-21 13:20:25.153,98.695,5.0
2019-11-21 13:21:06.555,98.695,4.0
2019-11-21 13:21:06.585,98.695,17.0
2019-11-21 13:21:06.605,98.695,64.0
2019-11-21 13:21:06.835,98.695,16.0
2019-11-21 13:22:27.049,98.695,5.0
2019-11-21 13:23:00.335,98.695,2.0
2019-11-21 13:23:29.565,98.695,10.0
2019-11-21 13:23:29.597,98.695,5.0
2019-11-21 13:23:29.607,98.695,29.0
2019-11-21 13:30:33.436,98.695,4.0
2019-11-21 13:30:45.767,98.695,13.0
2019-11-21 13:32:07.144,98.695,3.0
2019-11-21 13:33:52.592,98.695,5.0
2019-11-21 13:34:32.252,98.695,1.0
2019-11-21 13:34:32.860,98.695,4.0
2019-11-21 13:35:59.036,98.695,22.0
2019-11-21 13:49:01.708,98.7,1.0
2019-11-21 13:57:51.565,,2.0
2019-11-21 13:59:05.131,,2.0
2019-11-21 14:04:34.527,98.7,45.0
2019-11-21 14:04:34.747,98.7,1.0
2019-11-21 14:04:34.837,98.7,7.0
2019-11-21 14:13:04.436,98.695,3.0
2019-11-21 14:14:21.482,98.69,45.0
2019-11-21 14:14:21.482,98.69,5.0
2019-11-21 14:16:44.220,98.69,12.0
2019-11-21 14:20:44.863,98.69,2.0
2019-11-21 14:20:44.872,98.69,3.0
2019-11-21 14:20:44.872,98.69,3.0
2019-11-21 14:20:44.872,98.69,1.0
2019-11-21 14:20:44.872,98.69,2.0
2019-11-21 14:20:44.872,98.69,2.0
2019-11-21 14:20:44.872,98.69,1.0
2019-11-21 14:20:44.872,98.69,1.0
2019-11-21 14:20:44.872,98.69,1.0
2019-11-21 14:20:44.872,98.69,1.0
2019-11-21 14:20:44.872,98.69,1.0
2019-11-21 14:20:44.872,98.69,1.0
2019-11-21 14:20:44.872,98.69,1.0
2019-11-21 14:20:44.873,98.69,1.0
2019-11-21 14:20:44.873,98.69,1.0
2019-11-21 14:20:44.884,98.69,2.0
2019-11-21 14:43:40.017,98.69,9.0
2019-11-21 14:46:18.440,98.69,5.0
2019-11-21 14:46:18.450,98.69,6.0
2019-11-21 14:50:29.429,98.69,5.0
2019-11-21 14:50:29.439,98.69,11.0
2019-11-21 14:52:35.569,98.69,5.0
2019-11-21 14:56:49.134,98.69,40.0
2019-11-21 14:56:49.144,98.69,57.0
2019-11-21 14:56:49.165,98.69,4.0
2019-11-21 14:56:49.165,98.69,1.0
2019-11-21 15:05:20.273,98.69,5.0
2019-11-21 15:10:49.800,98.685,5.0
2019-11-21 15:10:49.929,98.685,95.0
2019-11-21 15:18:55.143,98.69,5.0
2019-11-21 15:18:55.171,98.69,4.0
2019-11-21 15:19:19.507,98.69,4.0
2019-11-21 15:19:25.948,98.69,1.0
2019-11-21 15:19:25.969,98.69,10.0
2019-11-21 15:20:59.607,98.695,15.0
2019-11-21 15:21:08.088,98.695,5.0
2019-11-21 15:22:33.159,98.7,6.0
2019-11-21 15:22:33.159,98.7,4.0
2019-11-21 15:22:33.259,98.7,10.0
2019-11-21 15:22:33.418,98.7,5.0
2019-11-21 15:22:33.679,98.7,5.0
2019-11-21 15:23:53.672,,18.0
2019-11-21 15:23:53.672,,2.0
2019-11-21 15:25:05.385,98.705,4.0
2019-11-21 15:40:13.949,98.7,2.0
2019-11-21 15:46:03.519,98.7,6.0
2019-11-21 15:46:03.519,98.7,43.0
2019-11-21 15:51:01.430,,2.0
2019-11-21 15:51:01.430,,52.0
2019-11-21 15:51:01.689,98.705,1.0
2019-11-21 15:51:01.690,98.705,1.0
2019-11-21 15:53:49.828,98.705,5.0
2019-11-21 16:04:27.658,98.695,5.0
2019-11-21 16:07:51.767,98.7,5.0
2019-11-21 16:11:03.067,,20.0
2019-11-21 16:11:37.729,,10.0
2019-11-21 16:12:06.645,,10.0
2019-11-21 16:12:24.577,98.7,1.0
2019-11-21 16:12:24.595,98.7,4.0
2019-11-21 16:12:24.597,98.7,1.0
2019-11-21 16:24:20.928,98.7,5.0
2019-11-21 16:34:21.615,98.7,5.0
2019-11-21 16:35:54.727,98.7,5.0
2019-11-21 16:47:48.974,98.7,5.0
2019-11-21 16:57:32.248,98.695,1.0
2019-11-21 16:57:41.136,98.695,1.0
2019-11-21 17:03:47.401,98.695,22.0
2019-11-21 17:27:53.811,98.695,2.0
2019-11-21 17:27:53.823,98.695,1.0
2019-11-21 17:28:41.354,98.695,1.0
2019-11-21 17:38:27.962,98.695,1.0
2019-11-21 17:38:27.962,98.695,1.0
2019-11-21 17:38:27.962,98.695,1.0
2019-11-21 17:38:27.964,98.695,1.0
2019-11-21 17:38:27.964,98.695,1.0
2019-11-21 17:54:33.554,98.695,31.0
2019-11-21 17:54:33.566,98.695,5.0
2019-11-21 17:58:28.937,98.69,5.0
2019-11-21 18:17:47.030,98.69,14.0
2019-11-21 18:18:52.109,98.69,5.0
2019-11-21 18:28:15.132,98.685,19.0
2019-11-21 18:29:24.199,98.685,10.0
2019-11-21 18:33:22.969,98.685,7.0
2019-11-21 18:33:22.978,98.685,10.0
2019-11-21 18:33:22.979,98.685,8.0
2019-11-21 18:41:27.499,98.685,2.0
2019-11-21 18:58:34.662,98.69,90.0
2019-11-21 19:04:45.738,98.695,5.0
2019-11-21 19:05:13.760,98.695,6.0
2019-11-21 19:05:13.778,98.695,11.0
2019-11-21 19:05:13.778,98.695,5.0
2019-11-21 19:05:13.780,98.695,49.0
2019-11-21 19:05:13.798,98.695,45.0
2019-11-21 19:05:13.808,98.695,24.0
2019-11-21 19:05:13.810,98.695,2.0
2019-11-21 19:05:13.818,98.695,2.0
2019-11-21 19:05:13.818,98.695,1.0
2019-11-21 19:05:13.818,98.695,1.0
2019-11-21 19:05:13.820,98.695,1.0
2019-11-21 19:05:13.830,98.695,2.0
2019-11-21 19:05:13.840,98.695,1.0
2019-11-21 19:05:23.138,98.695,25.0
2019-11-21 19:06:22.763,,7.0
2019-11-21 19:06:39.203,98.695,185.0
2019-11-21 19:15:41.001,98.69,1.0
2019-11-21 19:15:41.011,98.69,1.0
2019-11-21 19:15:41.031,98.69,10.0
2019-11-21 19:15:59.601,98.69,22.0
2019-11-21 19:15:59.610,98.69,8.0
2019-11-21 19:15:59.610,98.69,50.0
2019-11-21 19:22:38.629,98.69,5.0
2019-11-21 19:31:46.525,98.69,5.0
2019-11-21 19:31:46.527,98.69,10.0
2019-11-21 19:45:20.218,98.695,2.0
2019-11-21 19:52:41.320,98.69,1.0
2019-11-21 20:14:55.980,98.69,45.0
2019-11-21 20:53:35.338,98.69,3.0
2019-11-21 21:03:13.811,98.69,2.0
2019-11-21 21:03:13.811,98.69,1.0
2019-11-21 21:16:23.316,98.69,5.0
2019-11-21 21:17:13.210,98.69,5.0
2019-11-21 21:19:24.367,98.69,5.0
2019-11-21 21:20:51.008,98.69,12.0
2019-11-21 21:23:14.996,98.69,5.0
2019-11-21 21:59:05.241,98.69,3.0
2019-11-21 21:59:09.861,98.69,2.0
2019-11-21 21:59:23.709,98.69,3.0
2019-11-21 21:59:34.988,98.69,4.0
2019-11-21 21:59:35.188,98.69,3.0
2019-11-21 21:59:37.437,98.69,4.0
2019-11-22 07:23:33.300,98.695,1.0
2019-11-22 07:26:04.859,98.695,1.0
2019-11-22 07:33:08.066,98.695,1.0
2019-11-22 07:51:04.107,98.69,4.0
2019-11-22 08:08:48.004,98.685,20.0
2019-11-22 08:08:48.034,98.685,46.0
2019-11-22 08:08:48.634,98.68,68.0
2019-11-22 08:09:35.972,98.685,9.0
2019-11-22 08:10:05.372,98.685,8.0
2019-11-22 08:15:01.527,98.68,3.0
2019-11-22 08:15:01.548,98.68,3.0
2019-11-22 08:18:10.018,98.68,5.0
2019-11-22 08:30:38.029,98.68,98.0
2019-11-22 08:30:41.349,98.68,107.0
2019-11-22 08:30:41.527,98.68,10.0
2019-11-22 08:30:41.527,98.68,4.0
2019-11-22 08:30:50.869,98.68,5.0
2019-11-22 08:32:46.480,98.685,9.0
2019-11-22 08:32:46.490,98.685,4.0
2019-11-22 08:32:48.218,98.685,13.0
2019-11-22 08:32:52.511,98.685,1.0
2019-11-22 08:32:52.519,98.685,1.0
2019-11-22 08:32:52.521,98.685,1.0
2019-11-22 08:32:55.411,98.685,1.0
2019-11-22 08:34:23.854,98.685,6.0
2019-11-22 08:34:23.874,98.685,5.0
2019-11-22 08:35:55.594,98.685,2.0
2019-11-22 08:35:55.596,98.685,3.0
2019-11-22 08:45:48.446,98.68,7.0
2019-11-22 08:46:47.051,98.68,2.0
2019-11-22 08:46:47.063,98.68,1.0
2019-11-22 08:52:21.119,98.68,1.0
2019-11-22 08:52:21.130,98.68,2.0
2019-11-22 08:52:21.138,98.68,2.0
2019-11-22 08:52:21.148,98.68,2.0
2019-11-22 08:55:32.770,98.685,5.0
2019-11-22 08:56:37.134,98.685,5.0
2019-11-22 09:04:36.288,98.69,5.0
2019-11-22 09:12:55.032,98.695,5.0
2019-11-22 09:30:01.521,98.7,11.0
2019-11-22 09:36:28.470,98.705,5.0
2019-11-22 09:47:26.521,98.7,5.0
2019-11-22 09:51:16.302,98.7,5.0
2019-11-22 10:05:09.145,98.7,5.0
2019-11-22 10:06:04.529,98.7,1.0
2019-11-22 10:15:57.662,98.7,7.0
2019-11-22 10:16:31.509,98.7,5.0
2019-11-22 10:21:55.657,98.7,5.0
2019-11-22 10:23:31.143,98.7,5.0
2019-11-22 10:24:04.882,98.7,5.0
2019-11-22 11:05:49.754,98.7,5.0
2019-11-22 11:09:35.349,98.7,5.0
2019-11-22 11:15:52.908,98.705,13.0
2019-11-22 11:15:52.910,98.705,8.0
2019-11-22 11:16:05.719,98.705,1.0
2019-11-22 11:18:20.762,98.7,5.0
2019-11-22 11:28:19.626,98.7,5.0
2019-11-22 11:48:55.727,98.7,1.0
2019-11-22 11:54:31.600,98.705,5.0
2019-11-22 11:54:32.742,98.705,5.0
2019-11-22 12:02:24.730,98.705,7.0
2019-11-22 12:02:24.800,98.705,10.0
2019-11-22 12:03:00.923,98.705,5.0
2019-11-22 12:03:08.834,98.705,40.0
2019-11-22 12:10:11.899,98.705,63.0
2019-11-22 12:10:24.466,98.705,5.0
2019-11-22 12:23:00.016,98.705,5.0
2019-11-22 12:31:32.585,98.7,5.0
2019-11-22 12:31:32.593,98.7,7.0
2019-11-22 12:57:52.120,98.7,22.0
2019-11-22 12:57:52.250,98.7,1.0
2019-11-22 12:57:52.252,98.7,1.0
2019-11-22 12:57:52.252,98.7,3.0
2019-11-22 13:03:52.813,98.7,5.0
2019-11-22 13:03:52.862,98.7,5.0
2019-11-22 13:05:10.567,98.7,1.0
2019-11-22 13:10:54.556,98.7,5.0
2019-11-22 13:21:11.431,98.705,2.0
2019-11-22 13:28:21.352,98.7,11.0
2019-11-22 13:28:21.364,,3.0
2019-11-22 13:30:44.664,98.695,1.0
2019-11-22 13:30:51.434,98.7,20.0
2019-11-22 13:31:51.174,98.695,7.0
2019-11-22 13:44:38.819,,1.0
2019-11-22 13:44:38.819,,2.0
2019-11-22 13:44:38.820,,2.0
2019-11-22 13:45:04.543,98.695,5.0
2019-11-22 13:45:04.634,98.695,1.0
2019-11-22 13:45:04.644,98.695,6.0
2019-11-22 13:45:04.664,98.695,5.0
2019-11-22 13:46:58.888,98.69,2.0
2019-11-22 13:47:11.141,98.69,1.0
2019-11-22 13:47:12.979,98.69,1.0
2019-11-22 13:48:25.659,98.695,5.0
2019-11-22 14:08:34.448,98.69,45.0
2019-11-22 14:20:09.309,98.69,1.0
2019-11-22 14:20:09.319,98.69,2.0
2019-11-22 14:20:47.696,98.69,5.0
2019-11-22 14:21:04.345,98.69,5.0
2019-11-22 14:22:38.240,98.69,95.0
2019-11-22 14:28:01.147,98.69,28.0
2019-11-22 14:34:16.803,98.695,5.0
2019-11-22 14:37:45.631,98.695,5.0
2019-11-22 14:38:17.073,98.695,1.0
2019-11-22 14:39:02.840,98.695,5.0
2019-11-22 14:39:02.850,98.695,2.0
2019-11-22 14:45:04.610,98.69,5.0
2019-11-22 14:45:41.584,98.69,10.0
2019-11-22 14:46:22.050,98.69,10.0
2019-11-22 14:47:18.617,98.685,1.0
2019-11-22 14:47:18.626,98.685,155.0
2019-11-22 14:47:56.671,98.685,5.0
2019-11-22 14:48:04.189,98.685,1.0
2019-11-22 14:53:03.661,98.68,24.0
2019-11-22 14:53:34.865,98.68,3.0
2019-11-22 14:56:07.200,98.68,5.0
2019-11-22 14:56:07.210,98.68,19.0
2019-11-22 14:58:26.972,98.68,5.0
2019-11-22 14:58:26.972,98.68,65.0
2019-11-22 14:59:55.735,98.68,6.0
2019-11-22 14:59:56.045,98.68,4.0
2019-11-22 15:00:27.663,98.675,1.0
2019-11-22 15:03:59.340,98.68,5.0
2019-11-22 15:15:38.805,98.68,7.0
2019-11-22 15:28:40.967,98.685,5.0
2019-11-22 15:30:12.173,,2.0
2019-11-22 15:30:12.202,,2.0
2019-11-22 15:30:12.263,,2.0
2019-11-22 15:32:31.571,,2.0
2019-11-22 15:32:34.571,,2.0
2019-11-22 15:34:32.878,98.685,6.0
2019-11-22 15:34:32.880,98.685,40.0
2019-11-22 15:36:16.210,98.685,5.0
2019-11-22 15:36:48.953,,2.0
2019-11-22 15:36:49.023,,2.0
2019-11-22 15:41:48.662,98.68,1.0
2019-11-22 15:41:48.682,98.68,1.0
2019-11-22 15:41:48.682,98.68,1.0
2019-11-22 15:41:48.682,98.68,1.0
2019-11-22 15:42:42.480,98.68,56.0
2019-11-22 15:44:21.376,98.675,1.0
2019-11-22 15:52:28.109,98.68,5.0
2019-11-22 15:53:06.593,,2.0
2019-11-22 15:53:06.613,,4.0
2019-11-22 15:53:53.046,98.685,94.0
2019-11-22 15:54:02.507,98.685,5.0
2019-11-22 15:54:09.969,98.685,45.0
2019-11-22 15:54:27.408,98.685,6.0
2019-11-22 15:54:27.410,98.685,4.0
2019-11-22 15:54:49.100,,2.0
2019-11-22 15:56:36.873,98.685,3.0
2019-11-22 16:02:41.321,,2.0
2019-11-22 16:12:42.832,98.685,5.0
2019-11-22 16:20:24.059,98.69,5.0
2019-11-22 16:22:40.441,98.69,5.0
2019-11-22 16:31:30.459,98.685,5.0
2019-11-22 16:37:37.912,,8.0
2019-11-22 16:37:37.912,,2.0
2019-11-22 16:38:09.855,,2.0
2019-11-22 16:38:26.136,,2.0
2019-11-22 16:38:26.136,,2.0
2019-11-22 16:38:57.797,,2.0
2019-11-22 16:38:57.806,,2.0
2019-11-22 16:39:08.255,,2.0
2019-11-22 16:42:58.082,98.685,5.0
2019-11-22 16:44:51.436,98.685,5.0
2019-11-22 16:44:58.056,,2.0
2019-11-22 16:45:04.636,,2.0
2019-11-22 16:45:04.686,,2.0
2019-11-22 16:45:08.056,,2.0
2019-11-22 16:47:05.709,,2.0
2019-11-22 16:47:09.477,,2.0
2019-11-22 16:47:54.175,,2.0
2019-11-22 16:47:54.195,,2.0
2019-11-22 16:51:57.492,98.685,100.0
2019-11-22 16:52:10.332,98.685,21.0
2019-11-22 16:52:10.350,98.685,1.0
2019-11-22 16:52:10.350,98.685,78.0
2019-11-22 16:52:47.389,98.685,81.0
2019-11-22 16:52:47.399,98.685,1.0
2019-11-22 16:52:47.399,98.685,18.0
2019-11-22 16:58:47.553,98.685,10.0
2019-11-22 16:58:47.553,98.685,10.0
2019-11-22 16:58:47.553,98.685,9.0
2019-11-22 16:58:47.561,98.685,1.0
2019-11-22 16:58:47.561,98.685,10.0
2019-11-22 16:58:47.561,98.685,3.0
2019-11-22 16:58:47.581,98.685,2.0
2019-11-22 16:58:47.593,98.685,9.0
2019-11-22 16:58:47.593,98.685,32.0
2019-11-22 16:58:47.613,98.685,8.0
2019-11-22 16:58:48.043,98.685,22.0
2019-11-22 17:00:15.750,98.685,5.0
2019-11-22 17:00:27.320,98.685,2.0
2019-11-22 17:01:02.486,98.685,2.0
2019-11-22 17:01:02.518,98.685,4.0
2019-11-22 17:02:28.231,98.685,1.0
2019-11-22 17:02:51.012,98.685,10.0
2019-11-22 17:03:00.311,98.685,90.0
2019-11-22 17:07:23.690,98.685,5.0
2019-11-22 17:15:12.884,98.685,10.0
2019-11-22 17:15:12.894,98.685,10.0
2019-11-22 17:41:43.480,98.68,45.0
2019-11-22 17:41:43.480,98.68,11.0
2019-11-22 17:41:43.488,98.68,500.0
2019-11-22 17:41:43.488,98.68,1.0
2019-11-22 17:41:43.488,98.68,13.0
2019-11-22 17:41:43.490,98.68,22.0
2019-11-22 17:41:43.490,98.68,22.0
2019-11-22 17:41:43.490,98.68,18.0
2019-11-22 17:41:43.509,98.68,5.0
2019-11-22 17:41:43.509,98.68,11.0
2019-11-22 17:41:43.509,98.68,4.0
2019-11-22 17:41:43.510,98.68,9.0
2019-11-22 17:41:43.538,98.68,3.0
2019-11-22 17:41:43.538,98.68,6.0
2019-11-22 17:41:43.540,98.68,1.0
2019-11-22 17:41:43.550,98.68,3.0
2019-11-22 17:41:43.560,98.68,5.0
2019-11-22 17:41:43.560,98.68,14.0
2019-11-22 17:41:43.560,98.68,13.0
2019-11-22 17:41:43.918,98.68,291.0
2019-11-22 17:41:47.820,98.675,45.0
2019-11-22 17:41:51.879,98.675,1.0
2019-11-22 17:41:51.931,98.675,1.0
2019-11-22 17:41:51.961,98.675,2.0
2019-11-22 17:41:59.340,98.675,100.0
2019-11-22 17:42:08.079,98.675,100.0
2019-11-22 17:46:13.952,98.675,8.0
2019-11-22 17:46:13.974,98.675,2.0
2019-11-22 17:46:14.432,98.675,7.0
2019-11-22 17:51:23.717,98.67,5.0
2019-11-22 17:51:23.737,98.67,7.0
2019-11-22 17:51:23.748,98.67,12.0
2019-11-22 17:51:23.756,98.67,8.0
2019-11-22 17:51:23.756,98.67,5.0
2019-11-22 17:51:23.776,98.67,10.0
2019-11-22 17:51:23.787,98.67,5.0
2019-11-22 17:51:23.797,98.67,3.0
2019-11-22 17:51:23.797,98.67,5.0
2019-11-22 17:54:53.953,,50.0
2019-11-22 17:57:23.550,98.67,8.0
2019-11-22 17:57:23.550,98.67,1.0
2019-11-22 17:58:34.696,98.67,5.0
2019-11-22 17:58:59.177,98.67,5.0
2019-11-22 18:01:17.991,98.67,17.0
2019-11-22 18:10:01.265,98.67,8.0
2019-11-22 18:10:01.277,98.67,1.0
2019-11-22 18:14:34.950,98.67,5.0
2019-11-22 18:16:39.337,,5.0
2019-11-22 18:20:11.597,98.67,1.0
2019-11-22 18:20:38.748,98.67,1.0
2019-11-22 18:20:38.756,98.67,1.0
2019-11-22 18:20:38.758,98.67,1.0
2019-11-22 18:20:38.758,98.67,1.0
2019-11-22 18:20:38.768,98.67,1.0
2019-11-22 18:20:38.768,98.67,1.0
2019-11-22 18:20:38.776,98.67,1.0
2019-11-22 18:20:45.807,98.67,1.0
2019-11-22 18:23:00.297,98.67,1.0
2019-11-22 18:29:21.769,98.67,10.0
2019-11-22 18:29:21.769,98.67,1.0
2019-11-22 18:39:18.122,98.67,3.0
2019-11-22 18:43:52.335,98.67,18.0
2019-11-22 18:50:43.607,98.675,8.0
2019-11-22 18:51:57.177,98.675,2.0
2019-11-22 18:55:32.368,,50.0
2019-11-22 19:17:18.020,98.67,5.0
2019-11-22 19:22:49.730,98.67,7.0
2019-11-22 19:22:49.730,98.67,3.0
2019-11-22 19:28:46.557,98.67,5.0
2019-11-22 19:28:46.577,98.67,45.0
2019-11-22 19:56:18.963,98.665,1.0
2019-11-22 19:59:06.119,98.665,1.0
2019-11-22 19:59:36.371,98.665,1.0
2019-11-22 20:04:00.956,98.67,62.0
2019-11-22 20:04:01.034,98.67,3.0
2019-11-22 20:04:12.143,98.67,17.0
2019-11-22 20:06:13.786,98.67,9.0
2019-11-22 20:06:44.235,98.67,4.0
2019-11-22 20:07:58.477,98.67,5.0
2019-11-22 20:10:54.187,98.67,5.0
2019-11-22 20:34:38.016,98.675,1.0
2019-11-22 20:34:54.116,98.675,1.0
2019-11-22 20:34:54.126,98.675,1.0
2019-11-22 20:48:45.255,98.675,3.0
2019-11-22 20:48:45.255,98.675,4.0
2019-11-22 20:48:45.255,98.675,1.0
2019-11-22 20:50:14.649,98.675,77.0
2019-11-22 20:50:14.679,98.675,2.0
2019-11-22 20:52:55.153,98.68,5.0
2019-11-22 20:52:57.114,98.68,3.0
2019-11-22 20:54:37.405,98.68,22.0
2019-11-22 20:56:07.468,98.68,2.0
2019-11-22 20:56:07.479,98.68,1.0
2019-11-22 20:56:07.487,98.68,1.0
2019-11-22 20:56:07.487,98.68,4.0
2019-11-22 20:56:07.487,98.68,1.0
2019-11-22 21:18:13.101,98.675,45.0
2019-11-22 21:18:13.119,98.675,10.0
2019-11-22 21:18:13.129,98.675,24.0
2019-11-22 21:50:27.303,98.67,28.0
2019-11-22 21:55:25.868,98.67,4.0
2019-11-25 00:05:58.325,98.665,1.0
2019-11-25 00:05:58.735,98.665,1.0
2019-11-25 00:06:01.374,98.665,1.0
2019-11-25 00:06:04.024,98.665,1.0
2019-11-25 00:06:06.665,98.665,1.0
2019-11-25 00:06:09.315,98.665,1.0
2019-11-25 00:10:49.537,98.665,4.0
2019-11-25 00:14:10.012,98.665,1.0
2019-11-25 00:20:49.389,98.66,3.0
2019-11-25 00:20:49.400,98.66,7.0
2019-11-25 00:21:00.690,98.66,15.0
2019-11-25 01:14:17.084,98.665,3.0
2019-11-25 01:21:54.077,98.66,2.0
2019-11-25 01:22:15.102,98.66,10.0
2019-11-25 01:22:15.114,98.66,4.0
2019-11-25 05:03:23.448,98.67,5.0
2019-11-25 08:24:15.122,98.665,5.0
2019-11-25 08:24:58.070,98.665,4.0
2019-11-25 08:25:03.879,98.665,7.0
2019-11-25 08:25:03.879,98.665,3.0
2019-11-25 08:30:15.049,98.66,5.0
2019-11-25 08:31:07.379,98.66,5.0
2019-11-25 08:34:19.212,98.66,5.0
2019-11-25 09:01:52.214,98.66,5.0
2019-11-25 09:14:40.592,98.66,5.0
2019-11-25 09:14:40.592,98.66,7.0
2019-11-25 11:07:22.761,98.655,5.0
2019-11-25 11:15:00.390,98.655,5.0
2019-11-25 11:23:01.891,98.655,5.0
2019-11-25 12:21:27.773,98.65,5.0
2019-11-25 12:33:30.387,98.65,128.0
2019-11-25 12:33:30.419,98.65,5.0
2019-11-25 12:33:30.459,98.65,5.0
2019-11-25 12:37:02.740,98.65,4.0
2019-11-25 12:41:48.628,98.65,2.0
2019-11-25 13:02:58.069,98.65,5.0
2019-11-25 13:05:38.862,98.65,10.0
2019-11-25 13:11:54.057,98.645,33.0
2019-11-25 13:15:46.065,98.645,2.0
2019-11-25 13:15:46.663,98.645,15.0
2019-11-25 13:16:37.482,98.645,8.0
2019-11-25 13:16:45.343,98.645,7.0
2019-11-25 13:17:39.122,98.645,2.0
2019-11-25 13:19:27.756,98.645,1.0
2019-11-25 13:22:42.476,98.645,2.0
2019-11-25 13:22:42.476,98.645,1.0
2019-11-25 13:23:17.518,98.645,1.0
2019-11-25 13:23:26.289,98.645,1.0
2019-11-25 13:31:08.708,98.65,3.0
2019-11-25 13:31:39.807,98.65,3.0
2019-11-25 13:31:40.047,98.65,6.0
2019-11-25 13:34:32.770,98.65,1.0
2019-11-25 13:34:32.780,98.65,1.0
2019-11-25 13:34:32.990,98.65,5.0
2019-11-25 13:34:32.990,98.65,3.0
2019-11-25 13:42:29.088,98.645,30.0
2019-11-25 14:03:16.595,98.65,45.0
2019-11-25 14:05:07.708,98.65,5.0
2019-11-25 14:09:34.331,98.65,30.0
2019-11-25 14:09:35.861,98.65,20.0
2019-11-25 14:10:54.306,98.65,1.0
2019-11-25 14:10:54.318,98.65,9.0
2019-11-25 14:10:54.326,98.65,10.0
2019-11-25 14:10:54.326,98.65,8.0
2019-11-25 14:10:54.388,98.65,2.0
2019-11-25 14:10:54.498,98.65,5.0
2019-11-25 14:10:54.528,98.65,10.0
2019-11-25 14:10:54.538,98.65,10.0
2019-11-25 14:10:54.548,98.65,10.0
2019-11-25 14:10:54.758,98.65,22.0
2019-11-25 14:10:54.818,98.65,10.0
2019-11-25 14:10:55.258,98.65,26.0
2019-11-25 14:10:55.318,98.65,10.0
2019-11-25 14:10:55.887,98.65,21.0
2019-11-25 14:10:58.317,98.65,25.0
2019-11-25 14:11:01.067,98.65,23.0
2019-11-25 14:11:13.705,98.65,5.0
2019-11-25 14:11:13.715,98.65,38.0
2019-11-25 14:11:13.745,98.65,50.0
2019-11-25 14:11:22.976,98.65,6.0
2019-11-25 14:12:03.564,98.65,3.0
2019-11-25 14:17:34.011,98.65,1.0
2019-11-25 14:17:34.031,98.65,28.0
2019-11-25 14:19:20.785,98.65,10.0
2019-11-25 14:19:20.793,98.65,10.0
2019-11-25 14:19:20.805,98.65,10.0
2019-11-25 14:36:47.717,98.65,1.0
2019-11-25 14:36:47.735,98.65,2.0
2019-11-25 14:54:06.554,98.66,10.0
2019-11-25 14:54:06.876,98.66,5.0
2019-11-25 14:54:06.905,98.66,10.0
2019-11-25 14:54:18.448,98.66,14.0
2019-11-25 14:55:06.012,98.66,1.0
2019-11-25 14:55:06.131,98.66,6.0
2019-11-25 14:56:25.277,98.66,1.0
2019-11-25 14:57:43.488,98.66,1.0
2019-11-25 14:59:16.381,98.66,1.0
2019-11-25 14:59:19.100,98.66,9.0
2019-11-25 14:59:19.100,98.66,1.0
2019-11-25 14:59:19.100,98.66,1.0
2019-11-25 14:59:19.100,98.66,1.0
2019-11-25 14:59:29.792,98.66,1.0
2019-11-25 15:01:47.078,,25.0
2019-11-25 15:02:18.713,98.66,7.0
2019-11-25 15:02:22.947,98.66,7.0
2019-11-25 15:02:22.967,98.66,2.0
2019-11-25 15:02:24.237,98.66,1.0
2019-11-25 15:02:24.877,98.66,10.0
2019-11-25 15:02:25.117,98.66,2.0
2019-11-25 15:02:25.117,98.66,8.0
2019-11-25 15:02:25.357,98.66,10.0
2019-11-25 15:02:33.350,98.66,4.0
2019-11-25 15:02:33.350,98.66,3.0
2019-11-25 15:02:34.659,98.66,1.0
2019-11-25 15:02:55.331,98.66,2.0
2019-11-25 15:06:05.747,98.655,10.0
2019-11-25 15:11:04.947,98.655,87.0
2019-11-25 15:11:05.017,98.655,10.0
2019-11-25 15:15:32.165,98.655,4.0
2019-11-25 15:17:04.233,98.655,10.0
2019-11-25 15:22:52.557,98.655,10.0
2019-11-25 15:27:16.360,98.655,21.0
2019-11-25 15:27:16.388,98.655,10.0
2019-11-25 15:27:16.460,98.655,10.0
2019-11-25 15:27:16.540,98.655,10.0
2019-11-25 15:27:16.540,98.655,4.0
2019-11-25 15:28:37.771,98.655,6.0
2019-11-25 15:28:37.811,98.655,7.0
2019-11-25 15:28:37.811,98.655,3.0
2019-11-25 15:47:17.890,98.65,21.0
2019-11-25 16:04:52.479,98.655,26.0
2019-11-25 16:15:13.703,98.655,2.0
2019-11-25 16:26:55.243,98.655,5.0
2019-11-25 16:36:44.031,,1.0
2019-11-25 16:36:55.601,98.655,1.0
2019-11-25 16:41:29.826,98.655,40.0
2019-11-25 16:54:16.237,98.65,7.0
2019-11-25 16:54:16.247,98.65,59.0
2019-11-25 17:17:49.192,98.655,1.0
2019-11-25 17:18:05.094,98.65,5.0
2019-11-25 17:31:42.603,98.65,1.0
2019-11-25 17:31:42.603,98.65,3.0
2019-11-25 17:31:46.912,98.65,1.0
2019-11-25 18:01:23.781,98.65,1.0
2019-11-25 18:04:51.594,98.65,30.0
2019-11-25 18:57:57.130,98.65,4.0
2019-11-25 19:10:17.827,98.65,5.0
2019-11-25 19:10:21.645,98.65,2.0
2019-11-25 19:10:43.716,98.65,10.0
2019-11-25 19:10:43.725,98.65,30.0
2019-11-25 19:16:40.835,98.65,66.0
2019-11-25 19:16:40.835,98.65,5.0
2019-11-25 19:16:40.845,98.65,25.0
2019-11-25 19:42:08.544,98.655,1.0
2019-11-25 19:42:33.345,98.655,1.0
2019-11-25 19:49:00.566,98.65,1.0
2019-11-25 19:53:22.625,98.65,1.0
2019-11-25 19:53:35.446,98.65,1.0
2019-11-25 19:53:40.675,98.65,1.0
2019-11-25 19:53:45.064,98.65,1.0
2019-11-25 19:53:48.795,98.65,2.0
2019-11-25 19:53:57.413,98.65,2.0
2019-11-25 19:54:01.565,98.65,2.0
2019-11-25 19:54:07.973,98.65,2.0
2019-11-25 19:54:37.614,98.65,1.0
2019-11-25 19:55:29.815,98.65,5.0
2019-11-25 19:57:14.715,98.65,2.0
2019-11-25 19:57:25.845,98.65,1.0
2019-11-25 19:57:31.355,98.65,1.0
2019-11-25 19:57:49.713,98.65,1.0
2019-11-25 19:57:57.516,98.65,1.0
2019-11-25 20:03:47.484,98.65,6.0
2019-11-25 20:03:50.013,98.65,1.0
2019-11-25 20:05:16.518,98.65,2.0
2019-11-25 20:05:16.528,98.65,7.0
2019-11-25 20:13:25.121,98.65,5.0
2019-11-25 20:24:02.241,98.65,5.0
2019-11-25 20:41:20.033,98.65,1.0
2019-11-25 20:41:20.043,98.65,49.0
2019-11-25 20:45:54.725,98.65,1.0
2019-11-25 20:48:06.405,98.65,1.0
2019-11-25 21:16:15.886,98.655,2.0
2019-11-25 21:32:15.157,98.655,1.0
2019-11-25 21:32:15.167,98.655,1.0
2019-11-25 21:32:15.337,98.655,1.0
2019-11-25 21:32:15.337,98.655,28.0
2019-11-25 21:32:53.225,98.655,3.0
2019-11-25 21:32:53.295,98.655,1.0
2019-11-25 21:50:22.776,98.655,1.0
2019-11-26 01:41:18.170,98.65,10.0
2019-11-26 01:41:26.380,98.65,1.0
2019-11-26 01:42:45.035,98.65,3.0
2019-11-26 03:06:00.897,98.65,6.0
2019-11-26 03:06:00.917,98.65,3.0
2019-11-26 04:43:11.206,98.65,3.0
2019-11-26 06:30:24.156,98.65,2.0
2019-11-26 06:30:24.156,98.65,10.0
2019-11-26 06:30:24.156,98.65,13.0
2019-11-26 08:00:14.415,,2.0
2019-11-26 08:00:14.415,,2.0
2019-11-26 08:00:15.313,,2.0
2019-11-26 08:00:43.116,,8.0
2019-11-26 08:00:43.116,,2.0
2019-11-26 08:03:07.178,98.65,5.0
2019-11-26 08:03:36.530,98.65,5.0
2019-11-26 08:13:41.608,98.65,5.0
2019-11-26 08:16:29.473,98.65,32.0
2019-11-26 08:16:29.481,98.65,2.0
2019-11-26 08:16:29.491,98.65,2.0
2019-11-26 08:27:07.852,98.655,5.0
2019-11-26 08:28:26.033,98.655,5.0
2019-11-26 08:28:45.313,98.655,5.0
2019-11-26 08:30:23.738,98.655,19.0
2019-11-26 08:30:23.868,98.655,1.0
2019-11-26 08:32:34.419,98.655,5.0
2019-11-26 08:39:05.673,98.655,5.0
2019-11-26 08:41:15.534,98.655,45.0
2019-11-26 08:42:31.175,98.655,5.0
2019-11-26 09:05:12.716,98.65,5.0
2019-11-26 09:11:42.965,98.655,5.0
2019-11-26 09:12:11.762,98.655,5.0
2019-11-26 09:16:47.640,98.655,5.0
2019-11-26 09:23:52.195,98.655,5.0
2019-11-26 09:39:18.401,98.66,10.0
2019-11-26 09:44:08.958,98.655,1.0
2019-11-26 10:46:17.326,98.655,5.0
2019-11-26 11:08:53.900,98.655,5.0
2019-11-26 11:17:15.430,98.655,5.0
2019-11-26 11:18:50.775,98.655,5.0
2019-11-26 12:01:23.008,98.655,128.0
2019-11-26 12:01:23.008,98.655,87.0
2019-11-26 12:15:05.117,98.655,24.0
2019-11-26 12:15:07.059,98.655,5.0
2019-11-26 12:15:50.706,98.655,4.0
2019-11-26 12:15:50.728,98.655,5.0
2019-11-26 12:19:00.194,98.655,5.0
2019-11-26 12:19:00.263,98.655,10.0
2019-11-26 12:21:40.332,98.655,5.0
2019-11-26 12:21:40.352,98.655,149.0
2019-11-26 13:16:02.862,98.655,5.0
2019-11-26 13:16:03.364,98.655,11.0
2019-11-26 13:16:28.505,98.655,50.0
2019-11-26 13:17:01.555,98.655,7.0
2019-11-26 13:20:29.485,98.655,2.0
2019-11-26 13:21:38.092,98.655,1.0
2019-11-26 13:22:41.437,98.655,1.0
2019-11-26 13:22:48.970,98.655,1.0
2019-11-26 13:23:14.698,98.66,3.0
2019-11-26 13:23:14.738,98.66,2.0
2019-11-26 13:23:14.740,98.66,2.0
2019-11-26 13:23:39.888,98.66,9.0
2019-11-26 13:24:31.627,98.66,1.0
2019-11-26 13:52:12.458,98.66,5.0
2019-11-26 13:57:10.093,98.66,3.0
2019-11-26 13:59:51.174,98.66,1.0
2019-11-26 14:01:19.641,98.66,2.0
2019-11-26 14:03:04.324,98.66,2.0
2019-11-26 14:11:41.986,98.665,8.0
2019-11-26 14:11:42.018,98.665,10.0
2019-11-26 14:11:42.028,98.665,10.0
2019-11-26 14:11:42.148,98.665,10.0
2019-11-26 14:11:42.148,98.665,10.0
2019-11-26 14:11:42.166,98.665,10.0
2019-11-26 14:11:42.178,98.665,10.0
2019-11-26 14:11:42.188,98.665,10.0
2019-11-26 14:11:42.188,98.665,10.0
2019-11-26 14:11:42.196,98.665,10.0
2019-11-26 14:11:42.196,98.665,10.0
2019-11-26 14:13:06.551,98.66,5.0
2019-11-26 14:16:23.371,98.66,1.0
2019-11-26 14:16:23.389,98.66,10.0
2019-11-26 14:20:55.014,98.655,1.0
2019-11-26 14:20:55.024,98.655,1.0
2019-11-26 14:21:26.435,98.655,7.0
2019-11-26 14:21:26.765,98.655,2.0
2019-11-26 14:27:10.771,98.655,1.0
2019-11-26 14:31:51.469,98.66,21.0
2019-11-26 14:36:13.974,98.66,20.0
2019-11-26 14:49:21.650,98.66,5.0
2019-11-26 14:51:25.869,98.66,5.0
2019-11-26 14:54:18.632,98.66,1.0
2019-11-26 14:57:37.290,98.66,5.0
2019-11-26 14:57:44.039,98.66,5.0
2019-11-26 14:57:45.717,98.66,5.0
2019-11-26 15:01:21.582,98.66,16.0
2019-11-26 15:08:47.808,98.66,7.0
2019-11-26 15:09:52.895,98.66,5.0
2019-11-26 15:09:52.915,98.66,10.0
2019-11-26 15:10:37.297,98.66,19.0
2019-11-26 15:13:53.416,98.66,30.0
2019-11-26 15:18:09.651,98.66,9.0
2019-11-26 15:53:46.579,98.66,50.0
2019-11-26 16:03:31.847,98.665,1.0
2019-11-26 16:03:31.917,98.665,2.0
2019-11-26 16:03:32.045,98.665,8.0
2019-11-26 16:03:32.045,98.665,5.0
2019-11-26 16:03:32.047,98.665,4.0
2019-11-26 16:03:32.077,98.665,10.0
2019-11-26 16:03:56.667,98.665,10.0
2019-11-26 16:03:56.675,98.665,10.0
2019-11-26 16:03:56.675,98.665,10.0
2019-11-26 16:05:40.368,98.665,10.0
2019-11-26 16:05:40.390,98.665,10.0
2019-11-26 16:09:39.500,98.665,10.0
2019-11-26 16:09:39.530,98.665,10.0
2019-11-26 16:26:22.463,98.665,10.0
2019-11-26 16:36:03.548,98.665,10.0
2019-11-26 16:36:20.605,98.66,5.0
2019-11-26 16:45:24.327,98.66,5.0
2019-11-26 16:55:04.410,98.66,10.0
2019-11-26 17:08:35.694,98.66,1.0
2019-11-26 17:15:09.699,98.66,75.0
2019-11-26 17:59:07.653,98.66,1.0
2019-11-26 18:21:06.237,98.655,2.0
2019-11-26 18:21:06.237,98.655,1.0
2019-11-26 18:21:06.239,98.655,1.0
2019-11-26 18:21:06.239,98.655,1.0
2019-11-26 18:21:06.239,98.655,1.0
2019-11-26 18:21:06.239,98.655,1.0
2019-11-26 19:25:22.325,98.655,4.0
2019-11-26 19:25:25.083,98.655,3.0
2019-11-26 19:35:49.355,98.655,5.0
2019-11-26 19:38:45.271,98.655,5.0
2019-11-26 19:50:12.775,98.655,1.0
2019-11-26 19:50:12.826,98.655,4.0
2019-11-26 19:57:09.838,98.66,88.0
2019-11-26 20:04:53.742,98.66,7.0
2019-11-26 20:04:53.754,98.66,11.0
2019-11-26 20:19:59.753,98.655,5.0
2019-11-26 21:04:40.340,98.655,70.0
2019-11-26 21:55:41.576,98.65,1.0
2019-11-26 21:55:41.626,98.65,5.0
2019-11-26 21:57:58.859,98.655,8.0
2019-11-26 21:57:58.889,98.655,4.0
2019-11-26 21:57:58.889,98.655,2.0
2019-11-26 21:59:00.631,98.655,7.0
2019-11-27 00:02:41.981,98.65,1.0
2019-11-27 00:18:09.290,98.655,15.0
2019-11-27 01:15:20.287,,19.0
2019-11-27 01:40:28.853,98.66,10.0
2019-11-27 01:42:59.088,98.65,4.0
2019-11-27 06:51:26.549,98.65,2.0
2019-11-27 07:08:12.370,98.65,1.0
2019-11-27 07:40:03.736,98.65,10.0
2019-11-27 08:47:48.276,98.655,2.0
2019-11-27 08:47:48.396,98.655,5.0
2019-11-27 11:49:13.804,98.65,5.0
2019-11-27 11:49:22.096,98.65,5.0
2019-11-27 11:54:36.712,,3.0
2019-11-27 12:06:50.590,,1.0
2019-11-27 12:06:50.600,,1.0
2019-11-27 12:11:13.447,98.655,1.0
2019-11-27 13:11:56.680,98.655,1.0
2019-11-27 13:19:40.059,98.65,1.0
2019-11-27 13:20:15.418,98.65,1.0
2019-11-27 13:20:20.108,98.65,1.0
2019-11-27 13:21:55.721,98.65,1.0
2019-11-27 13:22:01.153,98.65,1.0
2019-11-27 13:22:01.223,98.65,2.0
2019-11-27 13:22:01.233,98.65,5.0
2019-11-27 13:30:00.472,98.64,3.0
2019-11-27 13:30:07.615,98.645,1.0
2019-11-27 13:31:46.121,98.635,9.0
2019-11-27 13:31:46.809,98.635,7.0
2019-11-27 13:35:33.106,98.635,10.0
2019-11-27 13:38:19.164,98.635,5.0
2019-11-27 13:44:17.666,98.63,17.0
2019-11-27 13:45:22.739,,2.0
2019-11-27 13:48:40.269,98.635,108.0
2019-11-27 13:53:09.753,98.635,1.0
2019-11-27 13:53:09.813,98.635,5.0
2019-11-27 13:59:24.931,98.64,1157.0
2019-11-27 13:59:25.192,98.64,128.0
2019-11-27 13:59:25.212,98.64,109.0
2019-11-27 13:59:25.253,98.64,86.0
2019-11-27 13:59:25.283,98.64,54.0
2019-11-27 13:59:26.751,98.64,7.0
2019-11-27 13:59:26.751,98.64,24.0
2019-11-27 13:59:26.753,98.64,2.0
2019-11-27 13:59:43.752,98.64,7.0
2019-11-27 14:07:15.955,98.64,10.0
2019-11-27 14:10:28.713,98.64,1.0
2019-11-27 14:33:59.158,98.64,249.0
2019-11-27 14:33:59.178,98.64,146.0
2019-11-27 14:33:59.198,98.64,7.0
2019-11-27 14:33:59.228,98.64,98.0
2019-11-27 14:55:23.605,98.635,1.0
2019-11-27 14:55:28.936,98.635,2.0
2019-11-27 15:15:23.243,98.645,1.0
2019-11-27 15:15:33.272,98.645,1.0
2019-11-27 15:15:41.572,98.645,1.0
2019-11-27 15:15:43.662,98.645,2.0
2019-11-27 15:25:16.209,,10.0
2019-11-27 15:25:48.447,,5.0
2019-11-27 15:56:18.438,98.635,1.0
2019-11-27 15:57:22.609,,37.0
2019-11-27 15:57:59.219,98.635,7.0
2019-11-27 16:13:52.643,98.635,3.0
2019-11-27 16:13:52.893,98.635,1.0
2019-11-27 16:14:00.314,98.635,3.0
2019-11-27 16:14:57.606,98.635,10.0
2019-11-27 16:14:57.616,98.635,15.0
2019-11-27 16:16:59.664,,2.0
2019-11-27 16:26:48.264,98.63,77.0
2019-11-27 16:26:48.314,98.63,40.0
2019-11-27 16:26:48.393,98.63,64.0
2019-11-27 16:26:50.563,98.63,1.0
2019-11-27 16:30:32.693,98.63,10.0
2019-11-27 16:38:08.115,,1.0
2019-11-27 16:38:38.884,98.635,5.0
2019-11-27 16:43:04.544,98.635,195.0
2019-11-27 16:43:04.612,98.635,21.0
2019-11-27 16:43:04.612,98.635,1.0
2019-11-27 16:43:04.614,98.635,2.0
2019-11-27 16:43:12.822,98.635,65.0
2019-11-27 16:43:12.834,98.635,46.0
2019-11-27 16:43:38.464,98.635,7.0
2019-11-27 16:44:59.924,98.64,1.0
2019-11-27 17:03:13.075,,5.0
2019-11-27 17:28:13.152,98.635,1.0
2019-11-27 17:28:13.162,98.635,2.0
2019-11-27 17:28:13.162,98.635,1.0
2019-11-27 17:28:13.170,98.635,1.0
2019-11-27 17:28:13.170,98.635,11.0
2019-11-27 17:28:13.180,98.635,2.0
2019-11-27 17:28:24.150,98.635,5.0
2019-11-27 18:35:33.383,98.63,1.0
2019-11-27 18:35:33.411,98.63,10.0
2019-11-27 19:01:43.593,98.635,6.0
2019-11-27 19:07:07.407,98.635,4.0
2019-11-27 19:12:04.861,98.635,1.0
2019-11-27 19:12:04.873,98.635,2.0
2019-11-27 19:17:39.232,98.635,363.0
2019-11-27 19:17:40.072,98.63,1.0
2019-11-27 19:17:40.082,98.63,13.0
2019-11-27 19:17:40.090,98.63,2.0
2019-11-27 19:17:40.090,98.63,1.0
2019-11-27 19:17:40.090,98.63,1.0
2019-11-27 19:17:40.092,98.63,1.0
2019-11-27 19:17:40.102,98.63,3.0
2019-11-27 19:25:15.933,98.63,2.0
2019-11-27 19:25:15.943,98.63,3.0
2019-11-27 20:00:00.275,98.625,13.0
2019-11-27 20:02:08.198,98.625,6.0
2019-11-27 20:02:08.218,98.625,4.0
2019-11-27 20:03:29.677,98.625,2.0
2019-11-27 20:03:29.779,98.625,7.0
2019-11-27 20:27:38.553,98.62,1.0
2019-11-27 20:34:27.175,98.62,91.0
2019-11-27 20:34:27.224,98.62,31.0
2019-11-27 21:03:38.392,98.62,25.0
2019-11-27 21:12:10.312,98.62,25.0
2019-11-27 21:14:17.047,98.62,2.0
2019-11-27 21:26:39.055,98.62,25.0
2019-11-27 21:48:00.130,98.62,25.0
2019-11-27 21:55:34.926,98.62,5.0
2019-11-27 21:59:00.773,98.62,2.0
2019-11-27 21:59:01.383,98.62,3.0
2019-11-28 06:34:50.107,98.63,6.0
2019-11-28 06:34:50.107,98.63,1.0
2019-11-28 15:49:24.235,98.62,1.0
2019-11-28 15:50:24.362,98.62,1.0
2019-11-28 16:23:24.310,98.62,1.0
2019-11-28 16:39:14.931,98.62,1.0
2019-11-29 07:55:03.718,98.625,2.0
2019-11-29 08:31:46.527,98.62,5.0
2019-11-29 08:32:08.957,98.62,32.0
2019-11-29 08:32:59.197,98.62,5.0
2019-11-29 08:34:48.393,98.62,12.0
2019-11-29 08:37:00.279,98.62,5.0
2019-11-29 08:37:54.139,98.62,1.0
2019-11-29 08:37:54.149,98.62,155.0
2019-11-29 08:38:13.749,98.62,9.0
2019-11-29 08:53:33.388,98.62,5.0
2019-11-29 10:20:20.996,98.625,5.0
2019-11-29 12:35:48.332,98.62,199.0
2019-11-29 12:35:48.382,98.62,10.0
2019-11-29 12:36:13.903,98.62,10.0
2019-11-29 12:57:27.810,98.62,5.0
2019-11-29 13:29:00.630,98.625,500.0
2019-11-29 13:48:36.402,98.62,4.0
2019-11-29 13:48:38.130,98.62,25.0
2019-11-29 13:48:40.652,98.62,83.0
2019-11-29 14:04:24.002,98.62,1.0
2019-11-29 14:04:24.012,98.62,8.0
2019-11-29 14:04:24.072,98.62,1.0
2019-11-29 14:04:34.893,98.62,10.0
2019-11-29 17:02:46.167,98.625,2.0
2019-11-29 17:04:38.630,98.625,3.0
2019-11-29 17:04:52.319,98.625,2.0
2019-11-29 17:38:06.361,98.625,1.0
2019-11-29 17:42:45.223,98.625,299.0
2019-11-29 17:51:07.989,98.625,50.0
2019-11-29 17:54:11.126,98.625,1.0
2019-11-29 17:56:35.458,98.63,1.0
2019-11-29 17:57:02.358,98.63,8.0
2019-11-29 17:57:33.529,98.63,4.0
2019-11-29 17:57:33.539,98.63,1.0
2019-11-29 17:58:09.156,98.63,1.0
2019-11-29 17:58:09.166,98.63,2.0
2019-11-29 17:58:09.186,98.63,2.0
2019-11-29 17:58:09.376,98.63,10.0
2019-11-29 17:58:09.444,98.63,5.0
2019-11-29 17:58:09.474,98.63,10.0
2019-11-29 17:58:09.534,98.63,6.0
2019-11-29 17:58:11.174,98.63,3.0
2019-11-29 17:58:11.176,98.63,4.0
2019-11-29 17:58:12.486,98.63,1.0
2019-11-29 17:58:12.486,98.63,3.0
2019-11-29 17:58:12.496,98.63,2.0
2019-11-29 17:58:12.746,98.63,5.0
2019-11-29 17:58:12.756,98.63,34.0
2019-11-29 17:58:13.006,98.63,6.0
2019-11-29 17:58:13.044,98.63,7.0
2019-11-29 17:58:13.074,98.63,5.0
2019-11-29 17:58:13.094,98.63,2.0
2019-11-29 17:58:13.396,98.63,7.0
2019-11-29 17:58:13.404,98.63,2.0
2019-11-29 17:58:13.906,98.63,2.0
2019-11-29 17:58:14.196,98.63,3.0
2019-11-29 17:58:14.526,98.63,1.0
2019-11-29 17:58:14.744,98.63,1.0
2019-11-29 17:58:14.954,98.63,1.0
2019-11-29 17:58:15.164,98.63,1.0
2019-11-29 17:58:15.416,98.63,1.0
2019-11-29 17:58:17.504,98.63,1.0
2019-11-29 17:58:18.526,98.63,4.0
2019-11-29 17:58:18.536,98.63,99.0
2019-11-29 17:58:22.155,98.63,2.0
2019-11-29 17:58:22.155,98.63,1.0
2019-11-29 17:58:22.187,98.63,5.0
2019-11-29 17:58:22.267,98.63,9.0
2019-11-29 17:58:22.267,98.63,37.0
2019-11-29 17:58:22.347,98.63,1.0
2019-11-29 17:58:22.387,98.63,31.0
2019-11-29 17:58:22.397,98.63,4.0
2019-11-29 17:58:22.475,98.63,11.0
2019-11-29 17:58:22.837,98.63,1.0
2019-11-29 17:58:24.188,98.63,1.0
2019-11-29 17:58:24.198,98.63,32.0
2019-11-29 17:58:26.517,98.63,6.0
2019-11-29 17:58:26.527,98.63,29.0
2019-11-29 17:58:26.809,98.63,3.0
2019-11-29 17:58:26.809,98.63,7.0
2019-11-29 17:58:26.817,98.63,1.0
2019-11-29 17:58:26.819,98.63,1.0
2019-11-29 17:58:26.819,98.63,2.0
2019-11-29 17:58:26.829,98.63,11.0
2019-11-29 17:59:59.213,98.635,4.0
2019-12-02 00:07:16.097,98.625,1.0
2019-12-02 00:35:15.750,98.615,6.0
2019-12-02 00:35:15.760,98.62,4.0
2019-12-02 00:37:32.886,98.615,6.0
2019-12-02 02:00:39.637,98.62,1.0
2019-12-02 02:00:39.667,98.62,3.0
2019-12-02 02:01:49.487,98.62,3.0
2019-12-02 02:01:49.487,98.615,3.0
2019-12-02 02:04:13.633,98.62,4.0
2019-12-02 02:16:36.944,98.615,6.0
2019-12-02 02:26:54.001,98.62,2.0
2019-12-02 02:26:54.001,98.62,1.0
2019-12-02 02:26:54.003,98.62,2.0
2019-12-02 02:26:54.013,98.62,1.0
2019-12-02 02:26:54.013,98.62,5.0
2019-12-02 02:26:54.021,98.62,2.0
2019-12-02 02:26:54.033,98.62,1.0
2019-12-02 02:35:51.625,98.615,6.0
2019-12-02 03:32:28.828,98.62,3.0
2019-12-02 03:51:36.649,98.615,2.0
2019-12-02 06:26:11.840,98.62,10.0
2019-12-02 06:26:11.842,98.62,9.0
2019-12-02 06:28:41.064,98.62,10.0
2019-12-02 06:28:41.084,98.62,18.0
2019-12-02 06:28:41.104,98.62,2.0
2019-12-02 06:29:08.110,98.62,10.0
2019-12-02 06:29:08.151,98.62,10.0
2019-12-02 06:29:08.161,98.62,1.0
2019-12-02 06:29:22.688,98.62,10.0
2019-12-02 06:29:22.688,98.62,3.0
2019-12-02 06:29:22.698,98.62,7.0
2019-12-02 06:29:22.878,98.62,10.0
2019-12-02 06:29:22.888,98.62,3.0
2019-12-02 06:29:41.148,98.62,12.0
2019-12-02 06:41:09.439,98.615,6.0
2019-12-02 06:41:09.469,98.62,1.0
2019-12-02 06:45:02.199,98.62,6.0
2019-12-02 06:45:02.201,98.62,4.0
2019-12-02 06:45:02.241,98.615,3.0
2019-12-02 06:45:02.269,98.615,10.0
2019-12-02 06:45:02.269,98.615,10.0
2019-12-02 06:50:11.781,98.62,10.0
2019-12-02 06:50:11.781,98.62,5.0
2019-12-02 06:50:11.801,98.615,5.0
2019-12-02 06:50:11.820,98.62,10.0
2019-12-02 06:50:11.820,98.62,2.0
2019-12-02 06:50:11.831,98.62,8.0
2019-12-02 06:51:36.814,98.62,2.0
2019-12-02 06:51:36.833,98.62,1.0
2019-12-02 06:51:36.844,98.62,1.0
2019-12-02 07:04:45.897,98.615,6.0
2019-12-02 07:04:45.927,98.615,2.0
2019-12-02 07:04:45.929,98.62,8.0
2019-12-02 07:04:45.929,98.615,8.0
2019-12-02 07:04:55.109,98.615,1.0
2019-12-02 07:04:55.119,98.615,1.0
2019-12-02 07:04:55.149,98.615,2.0
2019-12-02 07:04:55.157,98.615,3.0
2019-12-02 07:04:55.169,98.615,1.0
2019-12-02 07:04:55.189,98.615,2.0
2019-12-02 07:05:26.348,98.615,1.0
2019-12-02 07:05:38.216,98.615,2.0
2019-12-02 07:05:38.248,98.615,10.0
2019-12-02 07:05:38.248,98.615,10.0
2019-12-02 07:05:38.376,98.615,6.0
2019-12-02 07:05:38.376,98.615,1.0
2019-12-02 07:05:38.387,98.615,5.0
2019-12-02 07:06:33.336,98.615,1.0
2019-12-02 07:06:33.388,98.615,2.0
2019-12-02 07:09:56.253,98.615,2.0
2019-12-02 07:10:17.381,98.615,7.0
2019-12-02 07:10:53.796,98.615,6.0
2019-12-02 07:10:54.915,98.615,6.0
2019-12-02 07:10:57.256,98.615,6.0
2019-12-02 07:11:21.123,98.615,5.0
2019-12-02 07:11:47.770,98.615,2.0
2019-12-02 07:11:47.908,98.615,1.0
2019-12-02 07:11:48.050,98.615,2.0
2019-12-02 07:13:57.210,98.615,1.0
2019-12-02 07:18:23.968,98.615,3.0
2019-12-02 07:20:16.295,98.615,2.0
2019-12-02 07:21:17.634,98.615,2.0
2019-12-02 07:23:11.610,98.615,2.0
2019-12-02 07:25:51.011,98.615,2.0
2019-12-02 07:26:11.219,98.615,2.0
2019-12-02 07:30:42.031,98.615,3.0
2019-12-02 07:42:23.174,98.615,3.0
2019-12-02 07:42:23.176,98.615,9.0
2019-12-02 07:42:37.067,98.615,2.0
2019-12-02 07:42:48.737,98.615,2.0
2019-12-02 07:42:51.416,98.615,2.0
2019-12-02 07:42:51.827,98.615,2.0
2019-12-02 07:50:25.294,98.615,1.0
2019-12-02 08:01:02.843,98.61,2.0
2019-12-02 08:01:51.145,98.61,9.0
2019-12-02 08:06:15.847,98.61,3.0
2019-12-02 08:07:17.663,98.61,4.0
2019-12-02 08:07:18.853,98.61,5.0
2019-12-02 08:07:31.322,98.61,8.0
2019-12-02 08:09:53.540,98.61,128.0
2019-12-02 08:13:29.880,98.61,4.0
2019-12-02 08:13:29.900,98.61,1.0
2019-12-02 08:13:29.908,98.61,20.0
2019-12-02 08:13:58.268,98.61,3.0
2019-12-02 08:31:30.448,98.605,5.0
2019-12-02 08:31:30.458,98.605,2.0
2019-12-02 08:31:30.458,98.605,2.0
2019-12-02 08:43:27.812,98.605,1.0
2019-12-02 08:53:18.576,98.605,26.0
2019-12-02 09:26:01.648,98.61,134.0
2019-12-02 09:26:01.898,98.61,5.0
2019-12-02 09:26:01.920,98.61,13.0
2019-12-02 09:30:37.399,98.61,1.0
2019-12-02 09:30:37.417,98.61,39.0
2019-12-02 09:33:02.818,98.61,74.0
2019-12-02 09:33:02.828,98.61,5.0
2019-12-02 09:33:02.828,98.61,220.0
2019-12-02 09:34:55.619,98.61,68.0
2019-12-02 09:49:04.389,98.61,132.0
2019-12-02 09:49:13.049,98.61,40.0
2019-12-02 11:00:35.718,98.61,2.0
2019-12-02 11:00:35.748,98.61,10.0
2019-12-02 11:00:35.749,98.61,3.0
2019-12-02 11:00:41.716,98.61,5.0
2019-12-02 11:32:58.014,98.615,1.0
2019-12-02 11:33:04.724,98.615,4.0
2019-12-02 11:33:04.734,98.615,2.0
2019-12-02 11:33:22.556,98.615,11.0
2019-12-02 11:34:08.848,98.615,2.0
2019-12-02 11:34:09.218,98.615,1.0
2019-12-02 11:34:09.738,98.615,2.0
2019-12-02 11:34:13.147,98.615,10.0
2019-12-02 11:36:29.228,98.615,5.0
2019-12-02 11:37:10.388,98.615,38.0
2019-12-02 11:42:40.903,98.615,5.0
2019-12-02 11:44:55.390,98.615,45.0
2019-12-02 11:45:42.318,98.615,5.0
2019-12-02 11:56:09.911,98.615,8.0
2019-12-02 11:56:09.911,98.615,1.0
2019-12-02 11:56:09.919,98.615,2.0
2019-12-02 11:56:10.311,98.615,19.0
2019-12-02 11:57:38.906,98.615,22.0
2019-12-02 11:58:05.566,98.615,5.0
2019-12-02 11:58:14.166,98.615,5.0
2019-12-02 12:15:06.265,98.615,5.0
2019-12-02 12:31:34.054,98.615,5.0
2019-12-02 12:46:07.812,98.61,1.0
2019-12-02 12:46:07.830,98.61,1.0
2019-12-02 12:46:24.890,98.61,1.0
2019-12-02 12:46:24.892,98.61,1.0
2019-12-02 12:47:02.632,98.61,4.0
2019-12-02 12:47:12.382,98.61,2.0
2019-12-02 12:47:15.580,98.61,1.0
2019-12-02 12:47:55.352,98.61,10.0
2019-12-02 12:48:57.730,98.61,10.0
2019-12-02 12:54:19.223,98.61,3.0
2019-12-02 12:58:08.646,98.61,1.0
2019-12-02 12:58:08.646,98.61,1.0
2019-12-02 12:58:08.656,98.61,3.0
2019-12-02 12:58:08.686,98.61,3.0
2019-12-02 12:58:08.716,98.61,5.0
2019-12-02 12:58:08.786,98.61,1.0
2019-12-02 12:58:08.926,98.61,1.0
2019-12-02 12:58:18.115,98.61,6.0
2019-12-02 12:58:34.925,98.61,2.0
2019-12-02 12:58:43.895,98.61,4.0
2019-12-02 12:58:43.923,98.61,7.0
2019-12-02 12:58:43.923,98.61,3.0
2019-12-02 13:00:00.084,98.61,18.0
2019-12-02 13:00:00.144,98.61,6.0
2019-12-02 13:01:10.239,98.61,1.0
2019-12-02 13:01:10.260,98.61,4.0
2019-12-02 13:01:10.270,98.61,2.0
2019-12-02 13:01:10.280,98.61,4.0
2019-12-02 13:01:10.300,98.61,1.0
2019-12-02 13:01:10.400,98.61,1.0
2019-12-02 13:04:59.574,98.61,175.0
2019-12-02 13:13:35.558,98.61,1.0
2019-12-02 13:13:35.588,98.61,1.0
2019-12-02 13:13:35.607,98.61,1.0
2019-12-02 13:13:35.628,98.61,1.0
2019-12-02 13:16:01.141,98.615,6.0
2019-12-02 13:16:01.162,98.615,10.0
2019-12-02 13:16:01.171,98.615,10.0
2019-12-02 13:25:32.522,,2.0
2019-12-02 13:28:00.217,98.615,2.0
2019-12-02 13:28:00.255,98.615,1.0
2019-12-02 13:28:04.817,98.615,28.0
2019-12-02 13:40:37.457,98.615,20.0
2019-12-02 13:43:20.433,98.61,4.0
2019-12-02 13:45:07.928,98.61,6.0
2019-12-02 13:48:45.680,98.61,134.0
2019-12-02 13:48:46.052,98.61,189.0
2019-12-02 13:48:46.122,98.61,17.0
2019-12-02 13:49:31.554,,1.0
2019-12-02 13:51:20.105,98.61,2.0
2019-12-02 13:52:01.359,98.61,6.0
2019-12-02 14:06:55.864,98.61,3.0
2019-12-02 14:06:55.892,98.61,1.0
2019-12-02 14:38:52.449,98.61,2.0
2019-12-02 14:39:02.900,98.61,7.0
2019-12-02 14:39:48.856,98.61,20.0
2019-12-02 14:39:48.856,98.61,30.0
2019-12-02 14:42:06.582,98.61,8.0
2019-12-02 15:00:00.159,98.61,2.0
2019-12-02 15:00:00.201,98.615,2.0
2019-12-02 15:00:00.340,98.62,2.0
2019-12-02 15:00:00.621,98.625,2.0
2019-12-02 15:00:00.668,98.62,2.0
2019-12-02 15:00:01.001,98.625,2.0
2019-12-02 15:00:01.148,,11.0
2019-12-02 15:00:38.802,98.63,12.0
2019-12-02 15:00:38.812,98.63,1.0
2019-12-02 15:00:38.832,98.63,3.0
2019-12-02 15:00:41.689,98.63,1.0
2019-12-02 15:01:07.364,98.63,1.0
2019-12-02 15:04:03.939,98.625,1.0
2019-12-02 15:05:07.645,98.63,1.0
2019-12-02 15:06:02.703,98.63,36.0
2019-12-02 15:06:02.733,98.63,20.0
2019-12-02 15:14:35.415,98.62,7.0
2019-12-02 15:19:12.711,98.62,79.0
2019-12-02 15:19:12.749,98.62,16.0
2019-12-02 15:29:45.126,98.615,1.0
2019-12-02 15:35:24.998,98.625,10.0
2019-12-02 15:35:25.534,98.625,19.0
2019-12-02 15:35:26.915,98.63,40.0
2019-12-02 15:35:28.883,98.63,10.0
2019-12-02 15:35:29.096,98.63,1.0
2019-12-02 15:35:29.126,98.63,1.0
2019-12-02 15:35:29.226,98.63,1.0
2019-12-02 15:35:29.246,98.63,1.0
2019-12-02 15:35:29.256,98.63,13.0
2019-12-02 15:35:32.674,98.63,10.0
2019-12-02 15:35:32.926,98.63,10.0
2019-12-02 15:35:32.936,98.63,2.0
2019-12-02 15:35:35.966,98.63,1.0
2019-12-02 15:35:35.966,98.63,3.0
2019-12-02 15:35:35.986,98.63,1.0
2019-12-02 15:35:36.026,98.63,1.0
2019-12-02 15:35:36.035,98.63,4.0
2019-12-02 15:35:38.654,98.63,1.0
2019-12-02 15:35:38.655,98.63,1.0
2019-12-02 15:35:38.662,98.63,3.0
2019-12-02 15:35:38.665,98.63,1.0
2019-12-02 15:35:38.675,98.63,1.0
2019-12-02 15:35:38.682,98.63,3.0
2019-12-02 15:36:11.716,98.625,2.0
2019-12-02 15:36:11.727,98.625,3.0
2019-12-02 15:41:53.881,98.62,3.0
2019-12-02 15:41:54.123,98.62,6.0
2019-12-02 15:43:28.359,98.615,1.0
2019-12-02 15:44:14.540,98.615,2.0
2019-12-02 15:44:20.995,98.615,3.0
2019-12-02 15:44:47.139,98.615,10.0
2019-12-02 15:45:01.762,98.615,5.0
2019-12-02 15:49:52.111,98.625,37.0
2019-12-02 15:49:52.319,98.625,36.0
2019-12-02 15:58:20.324,98.625,10.0
2019-12-02 16:00:39.531,98.62,20.0
2019-12-02 16:00:39.900,98.62,1.0
2019-12-02 16:02:58.638,98.625,27.0
2019-12-02 16:03:02.411,98.625,14.0
2019-12-02 16:03:15.222,98.625,16.0
2019-12-02 16:04:16.975,98.625,7.0
2019-12-02 16:08:14.854,98.63,27.0
2019-12-02 16:09:13.713,98.63,10.0
2019-12-02 16:14:21.082,98.63,1.0
2019-12-02 16:14:29.653,98.63,3.0
2019-12-02 16:16:08.490,98.63,14.0
2019-12-02 16:17:00.838,98.63,20.0
2019-12-02 16:17:58.272,98.63,15.0
2019-12-02 16:18:04.546,98.63,12.0
2019-12-02 16:27:02.063,98.625,3.0
2019-12-02 16:30:41.253,98.63,2.0
2019-12-02 16:34:29.652,98.625,2.0
2019-12-02 16:36:54.451,,1.0
2019-12-02 17:09:34.178,98.625,1.0
2019-12-02 17:09:36.996,98.625,1.0
2019-12-02 17:26:04.629,98.625,11.0
2019-12-02 17:28:10.642,98.63,10.0
2019-12-02 17:45:23.155,98.625,3.0
2019-12-02 17:52:43.092,98.63,10.0
2019-12-02 19:14:48.211,98.63,25.0
2019-12-02 19:25:28.188,98.625,34.0
2019-12-02 19:25:28.296,98.625,2.0
2019-12-02 19:25:28.318,98.625,1.0
2019-12-02 19:25:56.546,98.625,4.0
2019-12-02 19:44:10.466,98.625,7.0
2019-12-02 20:00:04.955,98.625,3.0
2019-12-02 20:00:04.955,98.625,1.0
2019-12-02 20:20:33.772,98.625,1.0
2019-12-02 20:20:33.932,98.625,1.0
2019-12-02 20:37:15.430,98.63,90.0
2019-12-02 20:37:15.460,98.63,1.0
2019-12-03 00:12:22.838,,1.0
2019-12-03 03:34:49.197,98.62,50.0
2019-12-03 05:21:58.902,98.615,3.0
2019-12-03 06:32:20.831,98.61,2.0
2019-12-03 06:32:21.432,98.61,1.0
2019-12-03 06:32:21.721,98.61,2.0
2019-12-03 06:32:24.360,98.61,2.0
2019-12-03 06:32:27.011,98.61,2.0
2019-12-03 06:32:29.661,98.61,2.0
2019-12-03 06:32:31.819,98.61,2.0
2019-12-03 06:32:34.080,98.61,2.0
2019-12-03 06:32:37.611,98.61,2.0
2019-12-03 06:32:42.030,98.61,2.0
2019-12-03 06:32:45.060,98.61,2.0
2019-12-03 06:32:47.711,98.61,2.0
2019-12-03 06:32:50.360,98.61,2.0
2019-12-03 06:32:53.017,98.61,2.0
2019-12-03 06:43:59.549,98.615,1.0
2019-12-03 06:43:59.549,98.615,4.0
2019-12-03 07:12:02.671,98.615,100.0
2019-12-03 07:22:17.535,98.615,5.0
2019-12-03 08:05:11.459,98.625,5.0
2019-12-03 08:05:11.479,98.625,10.0
2019-12-03 08:05:36.490,98.625,5.0
2019-12-03 08:07:55.278,98.63,10.0
2019-12-03 08:13:26.768,98.625,5.0
2019-12-03 08:17:49.630,98.625,5.0
2019-12-03 08:34:29.193,98.625,5.0
2019-12-03 08:45:17.879,98.63,10.0
2019-12-03 08:46:17.712,98.63,9.0
2019-12-03 08:48:01.521,98.63,5.0
2019-12-03 08:48:01.531,98.63,5.0
2019-12-03 09:17:02.255,98.63,5.0
2019-12-03 09:32:18.028,98.63,5.0
2019-12-03 09:32:18.128,98.63,2.0
2019-12-03 09:32:18.128,98.63,44.0
2019-12-03 09:32:18.698,98.63,5.0
2019-12-03 09:37:05.851,98.63,10.0
2019-12-03 09:40:00.051,98.63,38.0
2019-12-03 09:40:01.169,98.635,5.0
2019-12-03 09:49:43.613,98.635,5.0
2019-12-03 10:00:26.271,98.63,5.0
2019-12-03 10:00:26.323,98.63,30.0
2019-12-03 10:05:11.722,98.625,5.0
2019-12-03 10:07:24.464,98.625,5.0
2019-12-03 10:10:30.680,98.63,6.0
2019-12-03 10:11:27.023,98.635,5.0
2019-12-03 10:13:28.235,98.64,5.0
2019-12-03 10:14:03.744,98.645,24.0
2019-12-03 10:18:02.298,98.655,5.0
2019-12-03 10:19:21.506,,8.0
2019-12-03 10:21:18.073,98.65,8.0
2019-12-03 10:21:38.774,98.65,2.0
2019-12-03 10:29:45.999,98.65,5.0
2019-12-03 10:32:46.854,98.655,131.0
2019-12-03 10:32:46.854,98.655,134.0
2019-12-03 10:33:03.614,98.655,9.0
2019-12-03 10:33:15.212,98.655,5.0
2019-12-03 10:36:00.656,98.655,5.0
2019-12-03 10:40:45.683,98.655,1.0
2019-12-03 10:46:00.861,98.655,5.0
2019-12-03 10:52:18.874,98.655,1.0
2019-12-03 10:56:20.786,98.655,5.0
2019-12-03 11:06:00.953,98.655,5.0
2019-12-03 11:14:13.619,98.655,1.0
2019-12-03 11:14:13.619,98.655,2.0
2019-12-03 11:14:13.631,98.655,1.0
2019-12-03 11:14:13.631,98.655,2.0
2019-12-03 11:14:13.631,98.655,2.0
2019-12-03 11:21:38.607,98.65,5.0
2019-12-03 11:21:49.038,98.65,3.0
2019-12-03 11:21:49.048,98.65,5.0
2019-12-03 11:21:49.060,98.65,1.0
2019-12-03 11:21:49.060,98.65,1.0
2019-12-03 11:38:57.011,98.65,5.0
2019-12-03 11:47:11.323,98.65,10.0
2019-12-03 12:19:42.233,98.65,5.0
2019-12-03 12:37:21.731,98.65,5.0
2019-12-03 12:42:22.619,98.65,5.0
2019-12-03 12:43:54.502,98.65,5.0
2019-12-03 12:50:10.566,98.655,1.0
2019-12-03 12:50:32.626,98.655,10.0
2019-12-03 12:51:48.864,98.655,5.0
2019-12-03 12:54:58.160,98.655,5.0
2019-12-03 12:56:20.661,98.655,346.0
2019-12-03 13:03:28.212,98.655,7.0
2019-12-03 13:19:41.439,,2.0
2019-12-03 13:19:43.349,,4.0
2019-12-03 13:19:44.019,,2.0
2019-12-03 13:19:44.069,,4.0
2019-12-03 13:19:44.089,,2.0
2019-12-03 13:19:44.097,,2.0
2019-12-03 13:19:44.128,,2.0
2019-12-03 13:19:44.169,,2.0
2019-12-03 13:19:44.387,,2.0
2019-12-03 13:19:44.389,,4.0
2019-12-03 13:19:44.389,,2.0
2019-12-03 13:19:44.759,,2.0
2019-12-03 13:19:55.889,,2.0
2019-12-03 13:19:55.929,,6.0
2019-12-03 13:19:59.470,,4.0
2019-12-03 13:20:01.061,,2.0
2019-12-03 13:20:01.092,,2.0
2019-12-03 13:20:01.121,,2.0
2019-12-03 13:20:01.132,,6.0
