Date,VALUE,VOLUME
2019-11-14 02:38:12.214,98.65,1.0
2019-11-14 02:38:12.427,98.65,2.0
2019-11-14 02:38:22.033,98.65,1.0
2019-11-14 02:38:28.112,98.65,1.0
2019-11-14 02:38:58.039,98.65,1.0
2019-11-14 03:07:07.857,98.65,14.0
2019-11-14 03:07:07.987,98.65,12.0
2019-11-14 03:07:08.087,98.65,12.0
2019-11-14 03:07:08.177,98.65,12.0
2019-11-14 03:07:08.877,98.65,12.0
2019-11-14 03:07:08.977,98.65,12.0
2019-11-14 03:07:09.177,98.65,12.0
2019-11-14 03:07:09.387,98.65,4.0
2019-11-14 03:36:06.431,98.65,31.0
2019-11-14 03:36:06.441,98.65,19.0
2019-11-14 04:05:38.348,98.655,6.0
2019-11-14 06:31:14.544,98.655,2.0
2019-11-14 06:31:14.544,98.655,17.0
2019-11-14 06:56:31.782,98.655,1.0
2019-11-14 06:56:54.168,98.655,14.0
2019-11-14 06:56:54.178,,28.0
2019-11-14 06:56:54.178,,4.0
2019-11-14 07:05:13.039,98.655,3.0
2019-11-14 07:05:13.047,98.655,2.0
2019-11-14 07:05:13.077,98.655,5.0
2019-11-14 07:05:13.077,98.655,4.0
2019-11-14 07:05:13.077,98.655,5.0
2019-11-14 07:05:13.077,98.655,4.0
2019-11-14 07:05:13.079,98.655,15.0
2019-11-14 07:05:13.117,98.655,4.0
2019-11-14 07:05:13.147,98.655,9.0
2019-11-14 07:05:13.149,98.655,13.0
2019-11-14 07:17:14.599,98.66,3.0
2019-11-14 07:17:32.908,98.66,20.0
2019-11-14 07:18:04.778,98.665,12.0
2019-11-14 07:18:19.159,98.665,2.0
2019-11-14 07:20:53.539,98.67,1.0
2019-11-14 07:20:53.549,98.67,6.0
2019-11-14 07:32:12.428,98.665,10.0
2019-11-14 08:00:16.431,98.66,11.0
2019-11-14 08:15:31.431,98.665,7.0
2019-11-14 08:29:03.072,98.67,7.0
2019-11-14 08:29:34.862,98.67,5.0
2019-11-14 08:29:34.874,98.67,2.0
2019-11-14 08:29:34.874,98.67,7.0
2019-11-14 08:29:34.874,98.67,3.0
2019-11-14 08:29:34.874,98.67,10.0
2019-11-14 08:29:34.882,98.67,9.0
2019-11-14 08:29:34.884,98.67,4.0
2019-11-14 08:29:39.403,98.67,10.0
2019-11-14 08:29:42.454,98.67,29.0
2019-11-14 08:29:43.874,98.67,11.0
2019-11-14 08:29:44.374,98.67,7.0
2019-11-14 08:29:47.854,98.67,10.0
2019-11-14 08:30:56.918,98.67,11.0
2019-11-14 08:32:08.753,98.67,1.0
2019-11-14 08:32:08.760,98.67,1.0
2019-11-14 08:32:08.810,98.67,12.0
2019-11-14 08:32:20.769,98.67,1.0
2019-11-14 08:32:20.889,98.67,1.0
2019-11-14 08:32:20.889,98.67,1.0
2019-11-14 08:32:20.897,98.67,1.0
2019-11-14 08:32:20.897,98.67,1.0
2019-11-14 08:32:20.897,98.67,1.0
2019-11-14 08:32:20.897,98.67,1.0
2019-11-14 08:32:20.907,98.67,1.0
2019-11-14 08:32:20.907,98.67,1.0
2019-11-14 08:32:20.907,98.67,1.0
2019-11-14 08:32:20.907,98.67,1.0
2019-11-14 08:32:20.909,98.67,1.0
2019-11-14 08:32:20.909,98.67,1.0
2019-11-14 08:32:23.390,98.67,1.0
2019-11-14 08:32:23.398,98.67,1.0
2019-11-14 08:32:23.398,98.67,1.0
2019-11-14 08:32:23.398,98.67,1.0
2019-11-14 08:32:23.398,98.67,1.0
2019-11-14 08:32:23.410,98.67,1.0
2019-11-14 08:32:23.430,98.67,1.0
2019-11-14 08:32:29.819,98.67,1.0
2019-11-14 08:32:30.209,98.67,1.0
2019-11-14 08:33:20.939,98.67,1.0
2019-11-14 08:33:23.320,98.67,3.0
2019-11-14 08:33:25.340,98.67,4.0
2019-11-14 08:33:26.830,98.67,1.0
2019-11-14 08:33:36.441,98.67,21.0
2019-11-14 08:33:36.761,98.67,10.0
2019-11-14 08:34:15.981,,4.0
2019-11-14 08:34:16.014,,4.0
2019-11-14 08:34:16.054,,2.0
2019-11-14 08:34:16.054,,2.0
2019-11-14 08:34:16.094,,2.0
2019-11-14 08:34:16.114,,2.0
2019-11-14 08:34:34.100,,3.0
2019-11-14 08:34:41.151,98.67,10.0
2019-11-14 08:34:41.153,98.67,10.0
2019-11-14 08:34:54.013,,28.0
2019-11-14 08:36:01.643,98.675,10.0
2019-11-14 08:36:14.214,98.675,9.0
2019-11-14 08:39:04.651,98.675,16.0
2019-11-14 08:39:04.659,98.675,11.0
2019-11-14 08:39:04.659,98.675,13.0
2019-11-14 08:39:04.661,98.675,24.0
2019-11-14 08:39:04.661,98.675,10.0
2019-11-14 08:39:04.661,98.675,1.0
2019-11-14 08:39:04.661,98.675,1.0
2019-11-14 08:39:04.671,98.675,25.0
2019-11-14 08:40:44.181,98.675,3.0
2019-11-14 08:42:03.527,,12.0
2019-11-14 08:58:06.259,98.67,115.0
2019-11-14 08:58:21.199,,7.0
2019-11-14 09:01:47.549,,3.0
2019-11-14 09:03:27.516,98.67,15.0
2019-11-14 09:10:25.710,98.675,2.0
2019-11-14 09:30:55.676,98.67,3.0
2019-11-14 09:47:10.072,98.675,5.0
2019-11-14 09:47:12.652,98.675,10.0
2019-11-14 09:47:12.662,98.675,16.0
2019-11-14 09:47:34.412,98.675,3.0
2019-11-14 10:02:22.995,98.67,60.0
2019-11-14 10:02:29.995,98.67,5.0
2019-11-14 10:03:24.824,98.665,2.0
2019-11-14 10:03:24.834,98.665,1.0
2019-11-14 10:06:30.290,98.665,121.0
2019-11-14 10:06:30.300,98.665,104.0
2019-11-14 10:06:30.340,98.665,4.0
2019-11-14 10:06:30.340,98.665,1.0
2019-11-14 10:06:30.340,98.665,6.0
2019-11-14 10:06:30.340,98.665,3.0
2019-11-14 10:13:07.352,98.665,41.0
2019-11-14 10:17:36.711,98.665,1.0
2019-11-14 10:17:36.711,98.665,40.0
2019-11-14 10:42:42.602,98.66,3.0
2019-11-14 10:42:42.602,98.66,2.0
2019-11-14 10:42:42.602,98.66,1.0
2019-11-14 10:58:44.102,98.665,4.0
2019-11-14 10:59:10.732,98.665,21.0
2019-11-14 11:02:58.723,98.665,93.0
2019-11-14 11:06:06.865,98.665,16.0
2019-11-14 11:06:06.875,98.665,6.0
2019-11-14 11:06:11.976,98.665,12.0
2019-11-14 11:06:39.365,98.665,18.0
2019-11-14 11:06:39.375,98.665,7.0
2019-11-14 11:08:50.297,98.665,9.0
2019-11-14 11:30:25.425,98.67,16.0
2019-11-14 12:02:30.888,98.665,2.0
2019-11-14 12:03:59.713,98.665,1.0
2019-11-14 12:05:08.566,98.665,1.0
2019-11-14 12:05:08.576,98.665,23.0
2019-11-14 12:07:32.808,98.67,10.0
2019-11-14 12:29:36.367,98.67,5.0
2019-11-14 12:52:26.181,98.675,2.0
2019-11-14 12:58:47.596,98.675,2.0
2019-11-14 12:59:36.555,98.675,1.0
2019-11-14 12:59:36.565,98.675,1.0
2019-11-14 13:00:31.011,98.675,5.0
2019-11-14 13:01:03.322,98.675,5.0
2019-11-14 13:01:03.322,98.675,1.0
2019-11-14 13:10:13.026,98.67,1.0
2019-11-14 13:10:19.417,98.67,2.0
2019-11-14 13:10:24.116,98.67,2.0
2019-11-14 13:10:24.116,98.67,23.0
2019-11-14 13:13:44.637,98.67,5.0
2019-11-14 13:15:31.702,98.67,5.0
2019-11-14 13:18:49.220,98.665,10.0
2019-11-14 13:18:49.239,98.665,3.0
2019-11-14 13:23:01.791,98.67,3.0
2019-11-14 13:24:08.034,,10.0
2019-11-14 13:24:47.706,98.675,5.0
2019-11-14 13:27:26.945,98.67,5.0
2019-11-14 13:28:17.956,,170.0
2019-11-14 13:29:02.716,98.67,5.0
2019-11-14 13:29:02.738,98.67,5.0
2019-11-14 13:29:02.748,98.67,5.0
2019-11-14 13:36:19.901,98.67,10.0
2019-11-14 13:36:23.268,98.67,5.0
2019-11-14 13:36:24.128,98.67,16.0
2019-11-14 13:36:24.138,98.67,1.0
2019-11-14 13:36:30.958,98.67,5.0
2019-11-14 13:36:30.976,98.67,8.0
2019-11-14 13:36:30.976,98.67,1.0
2019-11-14 13:37:37.487,98.67,54.0
2019-11-14 13:37:41.927,98.67,5.0
2019-11-14 13:37:47.047,98.67,5.0
2019-11-14 13:49:24.064,98.675,64.0
2019-11-14 13:49:24.104,98.675,9.0
2019-11-14 13:49:24.124,98.675,1.0
2019-11-14 13:49:28.914,98.675,100.0
2019-11-14 14:20:18.105,98.68,7.0
2019-11-14 14:27:24.021,98.685,2.0
2019-11-14 14:30:09.658,98.685,37.0
2019-11-14 14:36:22.281,98.68,11.0
2019-11-14 14:39:39.533,98.685,2.0
2019-11-14 14:39:39.533,98.685,5.0
2019-11-14 14:41:32.436,,2.0
2019-11-14 14:41:59.612,98.685,5.0
2019-11-14 14:42:19.338,98.685,33.0
2019-11-14 14:42:52.040,,1.0
2019-11-14 14:51:26.206,,2.0
2019-11-14 14:51:34.481,98.685,5.0
2019-11-14 14:51:36.204,98.685,5.0
2019-11-14 14:51:36.211,98.685,6.0
2019-11-14 14:52:00.888,98.685,5.0
2019-11-14 14:52:00.917,98.685,5.0
2019-11-14 14:52:18.046,98.685,10.0
2019-11-14 14:52:22.711,,60.0
2019-11-14 14:53:01.014,98.685,5.0
2019-11-14 15:02:09.651,98.685,10.0
2019-11-14 15:03:00.760,98.685,3.0
2019-11-14 15:03:10.602,98.685,6.0
2019-11-14 15:03:10.612,98.685,12.0
2019-11-14 15:08:09.955,98.68,45.0
2019-11-14 15:08:53.521,98.685,1.0
2019-11-14 15:08:53.521,98.685,2.0
2019-11-14 15:08:53.521,98.685,10.0
2019-11-14 15:08:53.521,98.685,2.0
2019-11-14 15:08:53.521,98.685,2.0
2019-11-14 15:08:53.521,98.685,1.0
2019-11-14 15:08:53.521,98.685,5.0
2019-11-14 15:08:53.521,98.685,1.0
2019-11-14 15:08:53.523,98.685,2.0
2019-11-14 15:08:53.523,98.685,1.0
2019-11-14 15:08:53.523,98.685,1.0
2019-11-14 15:08:53.671,98.685,10.0
2019-11-14 15:08:53.713,98.685,6.0
2019-11-14 15:08:53.713,,1.0
2019-11-14 15:09:05.718,,1.0
2019-11-14 15:09:06.048,,2.0
2019-11-14 15:11:34.254,98.685,1.0
2019-11-14 15:11:34.254,98.685,10.0
2019-11-14 15:11:45.227,98.685,2.0
2019-11-14 15:11:45.230,98.685,1.0
2019-11-14 15:11:45.255,98.685,13.0
2019-11-14 15:11:45.255,98.685,5.0
2019-11-14 15:11:45.255,98.685,5.0
2019-11-14 15:11:45.255,98.685,12.0
2019-11-14 15:11:45.255,98.685,5.0
2019-11-14 15:11:45.255,98.685,5.0
2019-11-14 15:11:45.255,98.685,3.0
2019-11-14 15:11:45.255,98.685,3.0
2019-11-14 15:11:45.257,98.685,1.0
2019-11-14 15:11:45.275,98.685,1.0
2019-11-14 15:11:54.780,98.685,1.0
2019-11-14 15:12:00.391,98.685,27.0
2019-11-14 15:12:00.401,,33.0
2019-11-14 15:17:25.535,98.685,10.0
2019-11-14 15:20:44.069,98.685,25.0
2019-11-14 15:28:02.788,98.69,2.0
2019-11-14 15:28:02.798,98.69,1.0
2019-11-14 15:29:52.378,,3.0
2019-11-14 15:31:56.557,,10.0
2019-11-14 15:32:49.033,98.69,9.0
2019-11-14 15:32:49.043,98.69,2.0
2019-11-14 15:39:11.912,98.685,17.0
2019-11-14 15:47:28.980,98.685,15.0
2019-11-14 15:47:28.988,98.685,27.0
2019-11-14 15:50:06.757,98.685,11.0
2019-11-14 15:50:24.186,98.685,6.0
2019-11-14 15:50:30.995,98.685,10.0
2019-11-14 15:50:49.286,98.685,1.0
2019-11-14 15:51:01.247,98.685,1.0
2019-11-14 15:52:02.250,98.685,6.0
2019-11-14 15:52:34.280,98.685,5.0
2019-11-14 15:55:07.220,,3.0
2019-11-14 15:55:38.918,98.685,5.0
2019-11-14 15:55:39.540,98.685,6.0
2019-11-14 15:55:39.543,98.685,1.0
2019-11-14 16:00:29.643,98.69,24.0
2019-11-14 16:00:29.681,98.69,2.0
2019-11-14 16:00:29.681,,2.0
2019-11-14 16:00:29.681,98.69,1.0
2019-11-14 16:00:29.683,,1.0
2019-11-14 16:00:29.683,98.69,1.0
2019-11-14 16:00:29.683,,1.0
2019-11-14 16:00:29.685,98.69,1.0
2019-11-14 16:00:29.685,,1.0
2019-11-14 16:00:29.685,98.69,2.0
2019-11-14 16:00:29.685,,2.0
2019-11-14 16:00:29.685,,1.0
2019-11-14 16:00:29.695,,1.0
2019-11-14 16:00:29.695,,2.0
2019-11-14 16:00:29.695,,1.0
2019-11-14 16:00:29.695,,1.0
2019-11-14 16:00:29.695,,2.0
2019-11-14 16:00:29.695,,1.0
2019-11-14 16:00:43.158,98.69,12.0
2019-11-14 16:00:43.176,98.69,3.0
2019-11-14 16:00:47.671,98.69,1.0
2019-11-14 16:00:54.067,98.69,1.0
2019-11-14 16:01:07.041,98.69,9.0
2019-11-14 16:01:07.053,98.69,2.0
2019-11-14 16:01:07.065,98.69,1.0
2019-11-14 16:01:07.125,98.69,3.0
2019-11-14 16:01:07.136,98.69,2.0
2019-11-14 16:01:44.372,98.69,8.0
2019-11-14 16:01:44.380,98.69,5.0
2019-11-14 16:01:54.935,98.69,3.0
2019-11-14 16:01:55.785,98.69,4.0
2019-11-14 16:01:57.835,98.69,5.0
2019-11-14 16:02:33.536,98.69,4.0
2019-11-14 16:02:33.536,98.69,5.0
2019-11-14 16:02:53.155,98.69,1.0
2019-11-14 16:02:53.165,98.69,1.0
2019-11-14 16:02:53.165,98.69,2.0
2019-11-14 16:03:56.349,98.69,5.0
2019-11-14 16:03:56.369,98.69,3.0
2019-11-14 16:04:00.741,98.69,5.0
2019-11-14 16:04:00.753,98.69,12.0
2019-11-14 16:04:00.771,98.69,1.0
2019-11-14 16:04:00.771,98.69,2.0
2019-11-14 16:04:12.418,98.69,5.0
2019-11-14 16:04:12.428,98.69,5.0
2019-11-14 16:04:12.438,98.69,9.0
2019-11-14 16:04:12.448,98.69,5.0
2019-11-14 16:04:16.811,98.69,5.0
2019-11-14 16:04:16.821,98.69,10.0
2019-11-14 16:04:36.640,98.69,4.0
2019-11-14 16:04:39.310,98.69,5.0
2019-11-14 16:04:39.329,98.69,5.0
2019-11-14 16:05:12.632,98.69,5.0
2019-11-14 16:08:05.560,98.69,1.0
2019-11-14 16:08:21.648,98.69,18.0
2019-11-14 16:08:35.042,98.69,10.0
2019-11-14 16:08:59.991,98.69,1.0
2019-11-14 16:09:00.010,98.69,6.0
2019-11-14 16:10:21.025,98.69,5.0
2019-11-14 16:30:17.696,98.695,1.0
2019-11-14 16:30:25.207,98.695,12.0
2019-11-14 16:30:37.184,98.695,3.0
2019-11-14 16:32:43.769,98.695,1.0
2019-11-14 16:32:43.910,98.695,3.0
2019-11-14 16:32:43.912,98.695,2.0
2019-11-14 16:32:43.918,98.695,1.0
2019-11-14 16:32:43.919,98.695,1.0
2019-11-14 16:32:43.970,98.695,12.0
2019-11-14 16:32:44.021,98.695,2.0
2019-11-14 16:32:44.023,98.695,7.0
2019-11-14 16:39:10.120,98.695,3.0
2019-11-14 16:39:10.120,,2.0
2019-11-14 16:40:12.179,98.695,4.0
2019-11-14 16:40:12.179,98.695,11.0
2019-11-14 16:40:54.588,98.695,19.0
2019-11-14 16:41:35.776,98.695,6.0
2019-11-14 16:41:42.829,98.695,4.0
2019-11-14 16:41:45.460,98.695,3.0
2019-11-14 16:42:07.367,,3.0
2019-11-14 16:42:08.761,98.7,6.0
2019-11-14 16:42:15.692,98.7,4.0
2019-11-14 16:42:22.413,98.7,11.0
2019-11-14 16:42:22.422,98.7,6.0
2019-11-14 16:42:31.238,98.7,6.0
2019-11-14 16:42:51.642,98.7,6.0
2019-11-14 16:42:51.652,98.7,2.0
2019-11-14 16:42:51.662,98.7,29.0
2019-11-14 16:42:51.662,,60.0
2019-11-14 16:42:51.670,98.7,4.0
2019-11-14 16:42:51.670,98.7,3.0
2019-11-14 16:42:51.672,98.7,6.0
2019-11-14 16:42:51.672,98.7,10.0
2019-11-14 16:42:51.702,98.7,5.0
2019-11-14 16:42:55.902,98.7,3.0
2019-11-14 16:43:04.396,98.7,5.0
2019-11-14 16:43:57.908,98.7,5.0
2019-11-14 16:44:31.998,98.7,4.0
2019-11-14 16:44:31.998,98.7,49.0
2019-11-14 16:45:19.289,98.7,1.0
2019-11-14 16:45:19.299,98.7,4.0
2019-11-14 16:54:47.149,98.7,10.0
2019-11-14 16:55:26.933,,2.0
2019-11-14 16:55:26.952,,1.0
2019-11-14 16:55:26.952,,15.0
2019-11-14 16:55:46.793,98.7,2.0
2019-11-14 16:57:18.478,,1.0
2019-11-14 17:07:15.520,98.695,30.0
2019-11-14 17:08:47.836,98.695,60.0
2019-11-14 17:08:48.376,98.695,6.0
2019-11-14 17:09:16.927,98.695,5.0
2019-11-14 17:09:16.947,98.695,4.0
2019-11-14 17:09:17.937,98.695,5.0
2019-11-14 17:10:14.413,98.695,5.0
2019-11-14 17:10:27.472,98.695,3.0
2019-11-14 17:10:56.910,98.695,5.0
2019-11-14 17:11:14.819,98.695,5.0
2019-11-14 17:11:33.729,98.695,3.0
2019-11-14 17:11:43.689,,25.0
2019-11-14 17:12:31.611,98.695,1.0
2019-11-14 17:24:21.800,98.695,16.0
2019-11-14 17:24:24.219,98.695,5.0
2019-11-14 17:24:24.219,98.695,21.0
2019-11-14 17:24:24.221,98.695,2.0
2019-11-14 17:24:24.221,98.695,31.0
2019-11-14 17:24:31.341,98.695,15.0
2019-11-14 17:30:08.391,98.695,16.0
2019-11-14 17:39:29.085,98.695,5.0
2019-11-14 17:39:43.298,98.695,5.0
2019-11-14 17:40:02.139,98.695,5.0
2019-11-14 17:40:18.414,98.695,45.0
2019-11-14 17:43:01.527,98.695,45.0
2019-11-14 17:43:14.884,98.695,5.0
2019-11-14 17:44:52.933,,3.0
2019-11-14 17:44:52.944,,3.0
2019-11-14 17:44:52.944,,3.0
2019-11-14 17:44:52.944,,2.0
2019-11-14 17:44:52.944,,1.0
2019-11-14 17:44:52.944,,1.0
2019-11-14 17:44:52.944,,1.0
2019-11-14 17:44:52.954,,1.0
2019-11-14 17:47:43.509,,18.0
2019-11-14 17:48:10.040,,1.0
2019-11-14 17:49:14.207,98.695,5.0
2019-11-14 17:59:00.536,,3.0
2019-11-14 18:03:19.146,98.695,7.0
2019-11-14 18:03:19.156,98.695,7.0
2019-11-14 18:03:19.156,98.695,3.0
2019-11-14 18:07:30.484,,3.0
2019-11-14 18:11:26.543,,60.0
2019-11-14 18:14:20.521,98.695,5.0
2019-11-14 18:14:20.541,98.695,5.0
2019-11-14 18:43:33.474,98.695,10.0
2019-11-14 18:43:33.484,98.695,20.0
2019-11-14 18:43:33.564,98.695,3.0
2019-11-14 18:46:44.738,,15.0
2019-11-14 18:50:42.802,,1.0
2019-11-14 18:56:13.695,98.695,5.0
2019-11-14 18:57:56.518,98.7,40.0
2019-11-14 18:57:56.538,98.7,4.0
2019-11-14 18:57:56.608,98.7,5.0
2019-11-14 18:57:56.627,98.7,8.0
2019-11-14 18:57:56.627,98.7,1.0
2019-11-14 18:57:56.627,98.7,1.0
2019-11-14 18:57:56.627,98.7,1.0
2019-11-14 18:57:56.637,98.7,2.0
2019-11-14 18:57:56.637,98.7,1.0
2019-11-14 18:57:56.647,98.7,2.0
2019-11-14 18:57:56.647,98.7,1.0
2019-11-14 18:57:56.647,98.7,121.0
2019-11-14 18:57:56.655,98.7,1.0
2019-11-14 18:57:56.655,98.7,1.0
2019-11-14 18:57:56.655,98.7,2.0
2019-11-14 18:57:56.667,98.7,17.0
2019-11-14 18:57:56.667,98.7,1.0
2019-11-14 18:57:56.667,98.7,4.0
2019-11-14 18:57:56.680,98.7,3.0
2019-11-14 18:57:56.687,98.7,14.0
2019-11-14 18:57:56.687,98.7,3.0
2019-11-14 18:57:56.687,98.7,5.0
2019-11-14 18:57:56.714,98.7,13.0
2019-11-14 18:57:56.754,98.705,41.0
2019-11-14 18:57:56.765,98.705,7.0
2019-11-14 18:57:56.765,98.705,4.0
2019-11-14 18:57:56.765,98.705,4.0
2019-11-14 18:57:56.785,98.7,40.0
2019-11-14 18:57:56.907,98.7,6.0
2019-11-14 18:57:56.944,98.7,151.0
2019-11-14 18:57:56.944,98.7,1.0
2019-11-14 18:57:57.108,,1.0
2019-11-14 18:57:59.008,98.7,33.0
2019-11-14 18:57:59.069,98.7,16.0
2019-11-14 18:58:09.131,98.7,5.0
2019-11-14 18:58:09.221,98.7,5.0
2019-11-14 18:58:09.533,98.7,5.0
2019-11-14 18:58:09.583,98.7,7.0
2019-11-14 18:58:11.792,98.7,1.0
2019-11-14 18:58:11.794,98.7,221.0
2019-11-14 18:58:52.926,98.7,3.0
2019-11-14 18:59:33.617,98.7,3.0
2019-11-14 19:02:44.869,98.7,13.0
2019-11-14 19:02:57.990,98.7,1.0
2019-11-14 19:06:36.031,98.695,5.0
2019-11-14 19:17:49.655,,1.0
2019-11-14 19:17:49.673,,1.0
2019-11-14 19:17:49.694,,49.0
2019-11-14 19:18:16.334,98.69,4.0
2019-11-14 19:18:16.344,98.69,1.0
2019-11-14 19:18:16.372,,37.0
2019-11-14 19:27:11.397,98.695,141.0
2019-11-14 19:27:11.447,,1.0
2019-11-14 19:29:38.099,98.695,30.0
2019-11-14 19:31:33.648,98.695,5.0
2019-11-14 19:32:18.467,,3.0
2019-11-14 19:32:27.738,98.695,5.0
2019-11-14 19:33:20.686,,15.0
2019-11-14 19:36:23.921,,60.0
2019-11-14 19:41:02.133,98.695,5.0
2019-11-14 19:56:46.936,98.695,5.0
2019-11-14 19:58:19.631,98.695,1.0
2019-11-14 19:58:19.631,98.695,4.0
2019-11-14 20:02:24.145,98.69,5.0
2019-11-14 20:02:24.163,98.69,1.0
2019-11-14 20:02:24.163,98.69,5.0
2019-11-14 20:02:37.686,98.69,5.0
2019-11-14 20:14:48.367,98.69,1.0
2019-11-14 20:14:48.377,98.69,1.0
2019-11-14 20:17:29.931,98.69,3.0
2019-11-14 20:18:01.155,,1.0
2019-11-14 20:18:01.167,,1.0
2019-11-14 20:18:01.167,,2.0
2019-11-14 20:22:24.814,98.695,8.0
2019-11-14 20:33:20.816,98.69,26.0
2019-11-14 20:35:45.277,98.69,6.0
2019-11-14 20:35:45.277,98.69,1.0
2019-11-14 20:35:56.517,98.69,5.0
2019-11-14 20:35:56.526,98.69,4.0
2019-11-14 20:39:01.972,98.69,3.0
2019-11-14 21:00:06.482,98.695,5.0
2019-11-14 21:00:06.482,98.695,87.0
2019-11-14 21:00:25.252,98.695,25.0
2019-11-14 21:02:09.224,98.695,9.0
2019-11-14 21:02:35.620,98.695,5.0
2019-11-14 21:02:35.620,98.695,4.0
2019-11-14 21:03:26.161,98.695,25.0
2019-11-14 21:25:33.892,98.695,5.0
2019-11-14 21:44:34.140,98.695,1.0
2019-11-14 21:46:07.508,98.695,3.0
2019-11-14 21:46:07.518,98.695,11.0
2019-11-14 21:47:27.625,98.69,2.0
2019-11-14 21:57:23.558,,3.0
2019-11-14 21:58:56.814,,3.0
2019-11-14 23:41:48.619,98.68,2.0
2019-11-15 01:03:01.994,98.67,13.0
2019-11-15 01:03:01.996,98.67,5.0
2019-11-15 01:03:01.996,98.67,9.0
2019-11-15 01:03:01.996,98.67,2.0
2019-11-15 01:03:01.996,98.67,1.0
2019-11-15 02:38:09.193,98.675,2.0
2019-11-15 02:38:09.203,98.675,1.0
2019-11-15 02:56:37.567,98.675,2.0
2019-11-15 02:56:37.575,98.675,3.0
2019-11-15 02:56:37.575,98.675,7.0
2019-11-15 02:56:37.575,98.675,6.0
2019-11-15 02:56:37.577,98.675,5.0
2019-11-15 02:56:37.577,98.675,4.0
2019-11-15 02:58:23.621,98.675,1.0
2019-11-15 02:58:23.631,98.675,2.0
2019-11-15 02:58:23.631,98.675,22.0
2019-11-15 04:43:21.986,98.675,8.0
2019-11-15 04:43:21.994,98.675,7.0
2019-11-15 04:43:21.994,98.675,1.0
2019-11-15 04:43:21.994,98.675,1.0
2019-11-15 04:43:21.996,98.675,104.0
2019-11-15 04:43:21.996,98.675,4.0
2019-11-15 04:43:21.996,98.675,3.0
2019-11-15 04:43:21.996,98.675,3.0
2019-11-15 04:43:22.014,98.675,2.0
2019-11-15 04:43:22.014,98.675,2.0
2019-11-15 04:43:22.014,98.675,3.0
2019-11-15 04:43:22.014,98.675,4.0
2019-11-15 04:43:22.016,98.675,3.0
2019-11-15 04:43:22.016,98.675,4.0
2019-11-15 04:43:22.016,98.675,3.0
2019-11-15 04:43:22.025,98.675,2.0
2019-11-15 04:43:22.036,98.675,60.0
2019-11-15 04:43:22.044,98.675,2.0
2019-11-15 04:43:22.044,98.675,4.0
2019-11-15 04:43:22.044,98.675,4.0
2019-11-15 04:43:22.044,98.675,4.0
2019-11-15 04:43:22.044,98.675,3.0
2019-11-15 04:43:22.044,98.675,1.0
2019-11-15 04:43:22.044,98.675,6.0
2019-11-15 04:43:22.044,98.675,2.0
2019-11-15 04:43:22.044,98.675,2.0
2019-11-15 04:43:22.046,98.675,1.0
2019-11-15 04:43:22.056,98.675,2.0
2019-11-15 04:43:22.065,98.675,3.0
2019-11-15 04:43:22.076,98.675,1.0
2019-11-15 04:43:22.086,98.675,16.0
2019-11-15 04:43:22.086,98.675,1.0
2019-11-15 04:53:44.621,98.675,2.0
2019-11-15 04:53:44.621,98.675,1.0
2019-11-15 04:53:44.641,98.675,3.0
2019-11-15 06:00:20.103,98.67,2.0
2019-11-15 07:37:22.408,98.67,14.0
2019-11-15 07:37:22.417,98.67,10.0
2019-11-15 07:37:22.427,98.67,108.0
2019-11-15 07:37:22.427,98.67,10.0
2019-11-15 07:37:36.659,98.67,30.0
2019-11-15 07:37:36.669,98.67,56.0
2019-11-15 07:39:22.856,98.67,7.0
2019-11-15 07:40:08.214,98.67,3.0
2019-11-15 07:40:11.756,98.67,1.0
2019-11-15 07:40:19.596,98.67,7.0
2019-11-15 07:41:16.995,98.67,7.0
2019-11-15 07:42:58.563,98.67,7.0
2019-11-15 07:42:58.584,98.67,1.0
2019-11-15 07:43:01.603,,60.0
2019-11-15 07:48:50.848,98.67,2.0
2019-11-15 07:48:50.998,98.67,1.0
2019-11-15 07:49:12.037,98.67,1.0
2019-11-15 07:49:12.187,98.67,117.0
2019-11-15 07:49:12.187,98.67,10.0
2019-11-15 07:49:12.297,98.67,38.0
2019-11-15 07:49:14.687,98.67,23.0
2019-11-15 07:49:14.797,98.67,3.0
2019-11-15 07:49:14.807,98.67,10.0
2019-11-15 07:49:17.337,98.67,21.0
2019-11-15 07:49:22.635,98.67,16.0
2019-11-15 07:49:43.823,98.67,2.0
2019-11-15 07:53:04.623,98.67,15.0
2019-11-15 07:53:51.451,98.67,10.0
2019-11-15 07:57:32.022,98.67,158.0
2019-11-15 07:57:32.042,98.67,11.0
2019-11-15 07:57:32.042,98.67,94.0
2019-11-15 07:57:32.050,98.67,46.0
2019-11-15 07:57:32.050,98.67,1.0
2019-11-15 07:57:32.050,98.67,23.0
2019-11-15 07:57:32.050,98.67,73.0
2019-11-15 07:57:32.052,98.67,15.0
2019-11-15 07:57:32.052,98.67,10.0
2019-11-15 07:57:32.052,98.67,17.0
2019-11-15 08:07:03.810,,15.0
2019-11-15 08:07:03.810,,10.0
2019-11-15 08:10:55.120,98.685,23.0
2019-11-15 08:10:55.122,98.685,2.0
2019-11-15 08:10:55.122,98.685,15.0
2019-11-15 08:10:55.142,98.69,1.0
2019-11-15 08:18:37.364,98.69,7.0
2019-11-15 08:19:23.056,98.69,14.0
2019-11-15 08:19:23.074,98.69,73.0
2019-11-15 08:19:23.076,98.69,7.0
2019-11-15 08:23:25.609,,6.0
2019-11-15 08:30:27.131,98.685,9.0
2019-11-15 08:30:45.223,,19.0
2019-11-15 08:30:54.022,,1.0
2019-11-15 08:31:24.384,98.685,17.0
2019-11-15 08:34:06.626,98.685,19.0
2019-11-15 08:34:09.148,98.685,10.0
2019-11-15 08:42:17.473,,11.0
2019-11-15 08:45:04.156,,9.0
2019-11-15 08:45:05.862,,12.0
2019-11-15 08:52:33.546,98.685,3.0
2019-11-15 08:52:33.616,98.685,4.0
2019-11-15 08:55:40.432,98.685,2.0
2019-11-15 08:55:42.382,98.685,6.0
2019-11-15 09:02:10.685,98.68,15.0
2019-11-15 09:05:24.175,98.675,2.0
2019-11-15 09:16:36.786,98.67,3.0
2019-11-15 09:30:58.217,,1.0
2019-11-15 09:30:58.217,,59.0
2019-11-15 09:57:07.603,,10.0
2019-11-15 09:57:07.603,,11.0
2019-11-15 11:09:04.348,98.68,1.0
2019-11-15 11:09:04.348,98.68,8.0
2019-11-15 11:28:49.012,98.675,20.0
2019-11-15 11:29:49.450,98.675,5.0
2019-11-15 11:34:03.178,98.675,5.0
2019-11-15 12:00:00.905,98.675,121.0
2019-11-15 12:00:00.974,98.675,7.0
2019-11-15 12:00:00.976,98.675,1.0
2019-11-15 12:00:00.976,98.675,1.0
2019-11-15 12:00:00.984,98.675,2.0
2019-11-15 12:00:54.492,98.68,1.0
2019-11-15 12:00:54.494,98.68,4.0
2019-11-15 12:00:54.494,98.68,7.0
2019-11-15 12:00:54.523,98.68,1.0
2019-11-15 12:04:51.062,98.675,3.0
2019-11-15 12:04:51.073,98.675,13.0
2019-11-15 12:04:51.073,98.675,1.0
2019-11-15 12:04:51.085,98.675,29.0
2019-11-15 12:09:31.512,98.67,6.0
2019-11-15 12:09:31.512,98.67,13.0
2019-11-15 12:09:31.512,98.67,28.0
2019-11-15 12:24:13.940,98.67,4.0
2019-11-15 12:27:45.728,98.67,3.0
2019-11-15 12:27:52.809,98.67,10.0
2019-11-15 12:28:23.438,98.67,7.0
2019-11-15 13:13:09.857,98.665,6.0
2019-11-15 13:20:25.118,98.67,1.0
2019-11-15 13:22:00.372,98.67,5.0
2019-11-15 13:22:44.214,98.67,15.0
2019-11-15 13:22:44.236,,12.0
2019-11-15 13:22:48.175,98.67,5.0
2019-11-15 13:22:48.915,98.67,5.0
2019-11-15 13:22:52.727,,5.0
2019-11-15 13:23:06.508,98.67,2.0
2019-11-15 13:27:39.803,,15.0
2019-11-15 13:29:52.921,,3.0
2019-11-15 13:30:08.698,,2.0
2019-11-15 13:30:38.417,98.68,2.0
2019-11-15 13:30:42.747,98.68,5.0
2019-11-15 13:30:49.267,98.68,1.0
2019-11-15 13:35:50.071,98.675,3.0
2019-11-15 13:35:50.083,98.675,2.0
2019-11-15 13:36:40.306,98.675,3.0
2019-11-15 13:37:36.309,98.675,1.0
2019-11-15 13:39:43.796,98.675,5.0
2019-11-15 13:40:59.027,98.675,37.0
2019-11-15 13:40:59.109,98.67,8.0
2019-11-15 13:40:59.109,,269.0
2019-11-15 13:40:59.122,,3.0
2019-11-15 13:40:59.127,,2.0
2019-11-15 13:41:00.269,98.675,1.0
2019-11-15 13:41:00.269,98.675,9.0
2019-11-15 13:41:39.881,,1.0
2019-11-15 13:43:26.377,98.675,2.0
2019-11-15 13:43:26.396,98.675,61.0
2019-11-15 13:43:26.727,98.675,5.0
2019-11-15 14:01:58.597,98.675,17.0
2019-11-15 14:01:58.616,98.675,6.0
2019-11-15 14:04:43.508,98.675,5.0
2019-11-15 14:04:43.508,,5.0
2019-11-15 14:09:18.003,98.675,1.0
2019-11-15 14:15:34.235,98.675,5.0
2019-11-15 14:15:34.625,98.675,5.0
2019-11-15 14:15:40.385,98.675,12.0
2019-11-15 14:15:40.395,98.675,13.0
2019-11-15 14:20:12.167,98.675,8.0
2019-11-15 14:22:04.219,,3.0
2019-11-15 14:23:23.541,98.67,35.0
2019-11-15 14:23:23.550,98.67,5.0
2019-11-15 14:23:23.550,98.67,9.0
2019-11-15 14:23:23.600,98.67,5.0
2019-11-15 14:23:24.228,98.67,12.0
2019-11-15 14:23:24.250,98.67,5.0
2019-11-15 14:23:56.561,,15.0
2019-11-15 14:28:10.466,,5.0
2019-11-15 14:28:11.606,98.665,10.0
2019-11-15 14:28:11.618,98.665,1.0
2019-11-15 14:28:19.557,98.665,6.0
2019-11-15 14:29:31.676,,1.0
2019-11-15 14:30:01.902,98.665,6.0
2019-11-15 14:30:30.160,98.665,7.0
2019-11-15 14:30:53.092,98.665,5.0
2019-11-15 14:31:22.212,,5.0
2019-11-15 14:32:33.303,98.665,5.0
2019-11-15 14:32:38.734,98.665,5.0
2019-11-15 14:48:15.662,98.665,3.0
2019-11-15 14:48:15.728,98.665,1.0
2019-11-15 14:48:15.730,98.665,1.0
2019-11-15 14:48:27.986,98.665,5.0
2019-11-15 14:50:55.566,98.665,10.0
2019-11-15 14:51:37.370,98.665,5.0
2019-11-15 14:55:14.410,,5.0
2019-11-15 15:28:53.252,98.67,6.0
2019-11-15 15:29:11.350,98.67,150.0
2019-11-15 15:43:56.001,,34.0
2019-11-15 15:45:35.676,98.67,9.0
2019-11-15 15:45:35.686,98.67,1.0
2019-11-15 16:05:25.883,98.67,5.0
2019-11-15 16:05:47.538,98.67,5.0
2019-11-15 16:36:13.743,98.67,20.0
2019-11-15 16:36:28.114,98.67,40.0
2019-11-15 16:36:28.114,98.67,40.0
2019-11-15 16:36:28.114,98.67,40.0
2019-11-15 16:36:28.124,98.67,10.0
2019-11-15 16:37:33.464,98.67,5.0
2019-11-15 16:37:33.474,98.67,15.0
2019-11-15 16:43:24.237,98.67,5.0
2019-11-15 16:43:24.269,98.67,20.0
2019-11-15 16:44:37.719,98.67,5.0
2019-11-15 16:44:37.767,98.67,60.0
2019-11-15 16:45:19.199,98.67,5.0
2019-11-15 16:52:42.965,98.67,30.0
2019-11-15 16:54:58.137,98.67,5.0
2019-11-15 16:58:44.155,98.67,5.0
2019-11-15 17:22:00.123,,5.0
2019-11-15 17:22:00.133,,5.0
2019-11-15 17:31:08.110,98.675,21.0
2019-11-15 17:34:22.638,98.675,14.0
2019-11-15 17:37:54.585,98.675,5.0
2019-11-15 17:37:54.605,98.675,10.0
2019-11-15 17:42:40.016,98.675,5.0
2019-11-15 18:36:22.248,98.675,5.0
2019-11-15 19:06:42.978,98.675,15.0
2019-11-15 19:22:14.535,98.675,1.0
2019-11-15 19:22:14.545,98.675,4.0
2019-11-15 19:29:05.126,98.675,5.0
2019-11-15 19:30:05.509,98.675,5.0
2019-11-15 20:25:05.333,98.675,5.0
2019-11-15 20:25:42.566,98.675,7.0
2019-11-15 20:31:29.437,98.675,50.0
2019-11-15 20:31:31.697,98.675,5.0
2019-11-15 20:31:31.716,98.675,15.0
2019-11-15 20:37:21.468,98.675,7.0
2019-11-15 20:38:07.653,98.675,2.0
2019-11-15 20:38:07.801,98.675,3.0
2019-11-15 20:40:12.230,98.675,5.0
2019-11-15 20:40:12.250,98.675,18.0
2019-11-15 20:40:18.800,98.675,1.0
2019-11-15 20:53:44.932,98.675,5.0
2019-11-15 20:53:44.951,98.675,5.0
2019-11-15 20:53:45.012,98.675,45.0
2019-11-15 20:53:45.012,98.675,90.0
2019-11-15 20:53:45.021,98.675,37.0
2019-11-15 20:53:45.032,98.675,5.0
2019-11-15 20:59:22.563,98.675,18.0
2019-11-15 20:59:22.590,98.675,5.0
2019-11-15 20:59:22.913,98.675,2.0
2019-11-15 20:59:56.753,98.675,11.0
2019-11-15 21:00:59.041,98.675,31.0
2019-11-15 21:06:54.627,98.675,5.0
2019-11-15 21:06:54.666,98.675,2.0
2019-11-15 21:06:58.806,98.675,5.0
2019-11-15 21:08:44.410,98.675,4.0
2019-11-15 21:08:44.410,98.675,1.0
2019-11-15 21:26:24.748,98.675,5.0
2019-11-15 21:43:29.650,98.675,5.0
2019-11-17 23:29:06.818,98.685,2.0
2019-11-18 01:19:53.981,98.685,1.0
2019-11-18 07:21:38.041,,2.0
2019-11-18 07:32:37.279,98.67,2.0
2019-11-18 07:33:10.728,98.67,1.0
2019-11-18 07:33:18.997,98.67,2.0
2019-11-18 07:33:18.997,98.67,1.0
2019-11-18 07:33:19.007,98.67,1.0
2019-11-18 07:33:19.007,98.67,1.0
2019-11-18 07:33:19.025,98.67,2.0
2019-11-18 07:33:19.025,98.67,1.0
2019-11-18 07:33:19.027,98.67,2.0
2019-11-18 07:33:19.087,98.67,1.0
2019-11-18 07:38:11.878,98.67,1.0
2019-11-18 07:38:12.619,98.67,1.0
2019-11-18 07:38:13.619,98.67,1.0
2019-11-18 07:38:21.208,98.67,1.0
2019-11-18 07:38:23.198,98.67,1.0
2019-11-18 07:38:24.116,98.67,1.0
2019-11-18 07:38:24.218,98.67,2.0
2019-11-18 07:38:24.236,98.67,1.0
2019-11-18 07:38:24.236,98.67,1.0
2019-11-18 07:38:24.236,98.67,1.0
2019-11-18 07:38:24.418,98.67,1.0
2019-11-18 07:38:24.638,98.67,1.0
2019-11-18 07:38:26.467,98.67,1.0
2019-11-18 07:38:33.347,98.67,1.0
2019-11-18 07:38:33.347,98.67,2.0
2019-11-18 07:38:33.347,98.67,1.0
2019-11-18 07:38:33.347,98.67,1.0
2019-11-18 07:38:33.347,98.67,1.0
2019-11-18 07:38:33.355,98.67,1.0
2019-11-18 07:38:33.355,98.67,1.0
2019-11-18 07:38:33.355,98.67,1.0
2019-11-18 07:38:33.355,98.67,1.0
2019-11-18 07:38:33.357,98.67,1.0
2019-11-18 07:38:33.357,98.67,1.0
2019-11-18 07:38:33.365,98.67,1.0
2019-11-18 07:38:33.365,98.67,1.0
2019-11-18 07:38:33.367,98.67,1.0
2019-11-18 07:38:33.367,98.67,1.0
2019-11-18 07:38:33.367,98.67,1.0
2019-11-18 07:38:33.367,98.67,1.0
2019-11-18 07:38:33.367,98.67,1.0
2019-11-18 07:38:33.367,98.67,1.0
2019-11-18 07:38:33.377,98.67,2.0
2019-11-18 07:38:39.227,98.67,1.0
2019-11-18 07:39:29.848,,1.0
2019-11-18 07:43:12.335,98.675,1.0
2019-11-18 07:43:12.335,98.675,2.0
2019-11-18 07:43:12.365,98.675,2.0
2019-11-18 07:43:12.425,98.675,1.0
2019-11-18 07:43:12.435,98.675,2.0
2019-11-18 07:43:12.525,98.675,1.0
2019-11-18 07:43:12.533,98.675,2.0
2019-11-18 07:43:12.665,98.675,1.0
2019-11-18 07:43:14.325,98.675,2.0
2019-11-18 07:43:14.505,98.675,1.0
2019-11-18 07:43:15.265,98.675,1.0
2019-11-18 07:43:15.275,98.675,2.0
2019-11-18 07:43:15.333,98.675,2.0
2019-11-18 07:43:15.335,98.675,1.0
2019-11-18 07:43:15.353,98.675,1.0
2019-11-18 07:43:15.353,98.675,1.0
2019-11-18 07:43:15.353,98.675,1.0
2019-11-18 07:43:15.353,98.675,1.0
2019-11-18 07:43:15.353,98.675,1.0
2019-11-18 07:43:15.353,98.675,2.0
2019-11-18 07:43:15.415,98.675,1.0
2019-11-18 07:43:15.425,98.675,2.0
2019-11-18 07:43:15.535,98.675,1.0
2019-11-18 07:43:15.544,98.675,2.0
2019-11-18 07:43:17.545,98.675,2.0
2019-11-18 07:43:21.876,98.675,1.0
2019-11-18 07:43:21.896,98.675,2.0
2019-11-18 07:43:22.416,98.675,1.0
2019-11-18 07:43:22.426,98.675,2.0
2019-11-18 07:43:22.515,98.675,1.0
2019-11-18 07:43:22.526,98.675,2.0
2019-11-18 07:43:22.626,98.675,1.0
2019-11-18 07:43:22.626,98.675,2.0
2019-11-18 07:43:22.716,98.675,1.0
2019-11-18 07:43:22.746,98.675,2.0
2019-11-18 07:43:24.516,98.675,1.0
2019-11-18 07:43:24.526,98.675,2.0
2019-11-18 07:43:25.286,98.675,1.0
2019-11-18 07:43:25.286,98.675,2.0
2019-11-18 07:43:25.535,98.675,1.0
2019-11-18 07:43:25.546,98.675,2.0
2019-11-18 07:43:29.665,98.675,2.0
2019-11-18 07:43:36.174,98.675,2.0
2019-11-18 07:43:42.414,98.675,1.0
2019-11-18 08:11:40.358,98.665,15.0
2019-11-18 08:29:35.562,98.66,2.0
2019-11-18 08:30:45.879,98.66,2.0
2019-11-18 08:30:45.879,98.66,1.0
2019-11-18 08:30:45.879,98.66,1.0
2019-11-18 08:30:45.879,98.66,1.0
2019-11-18 08:30:45.879,98.66,1.0
2019-11-18 08:30:45.881,98.66,1.0
2019-11-18 08:30:47.972,98.66,2.0
2019-11-18 08:30:47.980,98.66,108.0
2019-11-18 08:30:47.980,98.66,6.0
2019-11-18 08:55:02.009,98.66,20.0
2019-11-18 09:01:52.201,98.66,1.0
2019-11-18 09:03:14.892,98.66,25.0
2019-11-18 09:19:25.682,,45.0
2019-11-18 09:19:25.682,,8.0
2019-11-18 09:19:57.972,,30.0
2019-11-18 09:21:26.803,,30.0
2019-11-18 09:29:00.467,98.66,1.0
2019-11-18 09:34:25.892,,2.0
2019-11-18 09:34:25.892,,27.0
2019-11-18 10:38:12.021,,1.0
2019-11-18 10:55:49.598,,2.0
2019-11-18 11:57:23.706,98.66,3.0
2019-11-18 11:58:42.313,98.66,6.0
2019-11-18 11:58:42.334,98.66,12.0
2019-11-18 12:00:50.216,98.66,19.0
2019-11-18 12:00:50.224,98.66,1.0
2019-11-18 12:00:50.226,98.66,16.0
2019-11-18 12:00:50.246,98.66,1.0
2019-11-18 12:00:50.246,98.66,10.0
2019-11-18 12:00:50.256,98.66,2.0
2019-11-18 12:00:50.256,98.66,16.0
2019-11-18 12:00:50.256,98.66,1.0
2019-11-18 12:00:50.256,98.66,18.0
2019-11-18 12:09:44.910,,30.0
2019-11-18 12:09:51.960,,30.0
2019-11-18 12:18:51.698,98.66,2.0
2019-11-18 12:19:32.819,98.66,6.0
2019-11-18 12:19:32.819,98.66,3.0
2019-11-18 12:19:32.839,98.66,1.0
2019-11-18 12:25:02.297,98.66,3.0
2019-11-18 12:33:06.038,98.655,10.0
2019-11-18 12:33:54.258,98.655,31.0
2019-11-18 12:34:56.772,98.655,30.0
2019-11-18 12:43:50.873,98.655,14.0
2019-11-18 12:45:33.219,98.655,10.0
2019-11-18 12:46:03.130,98.655,26.0
2019-11-18 12:56:11.285,98.655,1.0
2019-11-18 13:04:34.411,98.655,5.0
2019-11-18 13:04:34.434,98.655,5.0
2019-11-18 13:05:25.468,98.655,5.0
2019-11-18 13:15:45.854,98.655,5.0
2019-11-18 13:15:45.864,98.655,6.0
2019-11-18 13:15:45.874,98.655,1.0
2019-11-18 13:15:45.874,98.655,2.0
2019-11-18 13:15:45.883,98.655,120.0
2019-11-18 13:16:59.865,98.655,5.0
2019-11-18 13:19:35.705,98.66,5.0
2019-11-18 13:19:56.347,98.66,15.0
2019-11-18 13:21:29.823,,15.0
2019-11-18 13:21:29.843,,1.0
2019-11-18 13:21:29.851,,11.0
2019-11-18 13:21:33.553,98.67,5.0
2019-11-18 13:21:33.663,98.67,6.0
2019-11-18 13:22:10.202,98.67,5.0
2019-11-18 13:24:02.435,98.67,5.0
2019-11-18 13:25:13.690,,1.0
2019-11-18 13:25:13.690,,32.0
2019-11-18 13:25:15.468,98.675,5.0
2019-11-18 13:25:15.476,98.675,45.0
2019-11-18 13:25:33.599,98.675,50.0
2019-11-18 13:25:34.549,,2.0
2019-11-18 13:25:45.238,,2.0
2019-11-18 13:25:45.248,,18.0
2019-11-18 13:26:35.089,98.68,50.0
2019-11-18 13:26:50.587,98.68,5.0
2019-11-18 13:27:02.210,98.68,5.0
2019-11-18 13:27:16.178,98.68,10.0
2019-11-18 13:27:47.658,98.68,35.0
2019-11-18 13:29:11.524,98.685,6.0
2019-11-18 13:29:11.532,98.685,31.0
2019-11-18 13:29:11.532,98.685,5.0
2019-11-18 13:29:47.644,,2.0
2019-11-18 13:29:47.646,,1.0
2019-11-18 13:29:51.262,,5.0
2019-11-18 13:29:53.699,,3.0
2019-11-18 13:30:38.143,98.69,5.0
2019-11-18 13:30:38.193,98.69,3.0
2019-11-18 13:31:21.576,98.69,5.0
2019-11-18 13:31:28.996,,1.0
2019-11-18 13:31:37.136,98.69,5.0
2019-11-18 13:32:43.192,98.685,12.0
2019-11-18 13:32:56.461,98.685,5.0
2019-11-18 13:32:56.473,98.685,5.0
2019-11-18 13:32:56.493,98.685,5.0
2019-11-18 13:32:59.204,98.685,6.0
2019-11-18 13:32:59.212,98.685,111.0
2019-11-18 13:32:59.224,98.685,5.0
2019-11-18 13:34:15.582,98.69,5.0
2019-11-18 13:34:15.855,,1.0
2019-11-18 13:39:14.151,98.69,5.0
2019-11-18 13:39:23.420,,2.0
2019-11-18 13:44:46.576,98.685,4.0
2019-11-18 13:49:39.288,98.685,3.0
2019-11-18 13:52:39.176,98.685,5.0
2019-11-18 13:54:06.153,,1.0
2019-11-18 13:54:35.230,,1.0
2019-11-18 13:58:17.446,98.685,3.0
2019-11-18 13:58:17.456,98.685,1.0
2019-11-18 13:58:17.456,98.685,2.0
2019-11-18 13:58:17.456,98.685,2.0
2019-11-18 13:58:17.466,98.685,15.0
2019-11-18 13:58:17.466,98.685,1.0
2019-11-18 13:58:17.495,98.685,5.0
2019-11-18 14:00:46.608,98.685,1.0
2019-11-18 14:01:00.628,98.685,4.0
2019-11-18 14:01:04.658,98.685,1.0
2019-11-18 14:01:15.085,98.685,2.0
2019-11-18 14:10:10.157,98.69,15.0
2019-11-18 14:11:01.817,98.69,9.0
2019-11-18 14:22:05.060,,1.0
2019-11-18 14:22:17.080,,4.0
2019-11-18 14:22:17.080,,23.0
2019-11-18 14:22:17.080,,7.0
2019-11-18 14:22:17.080,,5.0
2019-11-18 14:22:17.120,,15.0
2019-11-18 14:22:17.120,,6.0
2019-11-18 14:22:17.179,98.695,5.0
2019-11-18 14:22:21.401,,22.0
2019-11-18 14:22:21.411,,3.0
2019-11-18 14:22:23.881,98.695,5.0
2019-11-18 14:22:25.350,98.695,3.0
2019-11-18 14:22:31.521,,10.0
2019-11-18 14:22:46.460,,1.0
2019-11-18 14:23:02.062,,8.0
2019-11-18 14:24:09.304,,5.0
2019-11-18 14:26:16.594,,10.0
2019-11-18 14:26:54.298,98.695,15.0
2019-11-18 14:26:57.448,,3.0
2019-11-18 14:26:57.448,,26.0
2019-11-18 14:27:05.468,,10.0
2019-11-18 14:27:16.948,,10.0
2019-11-18 14:29:09.832,,15.0
2019-11-18 14:31:23.814,98.695,20.0
2019-11-18 14:31:32.440,98.695,3.0
2019-11-18 14:31:35.154,98.695,3.0
2019-11-18 14:33:32.020,98.695,5.0
2019-11-18 14:33:32.020,98.695,7.0
2019-11-18 14:34:28.390,98.7,12.0
2019-11-18 14:35:05.424,,15.0
2019-11-18 14:36:15.405,98.7,5.0
2019-11-18 14:37:10.064,98.7,3.0
2019-11-18 14:37:17.117,98.7,5.0
2019-11-18 14:37:21.823,98.7,1.0
2019-11-18 14:37:21.846,98.7,1.0
2019-11-18 14:38:15.423,98.7,28.0
2019-11-18 14:38:15.556,98.7,5.0
2019-11-18 14:40:22.213,98.705,11.0
2019-11-18 14:40:47.835,98.705,5.0
2019-11-18 14:41:14.599,98.705,5.0
2019-11-18 14:42:20.749,98.705,20.0
2019-11-18 14:42:20.759,98.705,1.0
2019-11-18 14:42:35.838,98.7,5.0
2019-11-18 14:43:52.850,98.7,3.0
2019-11-18 14:44:21.287,98.7,5.0
2019-11-18 14:45:08.180,98.7,3.0
2019-11-18 14:45:18.267,98.7,3.0
2019-11-18 14:48:45.221,98.695,5.0
2019-11-18 14:49:03.890,98.695,5.0
2019-11-18 15:05:14.947,98.695,5.0
2019-11-18 15:05:15.017,98.695,1.0
2019-11-18 15:05:15.029,98.695,39.0
2019-11-18 15:06:21.340,98.695,40.0
2019-11-18 15:06:32.898,98.695,8.0
2019-11-18 15:06:33.235,,86.0
2019-11-18 15:06:48.122,98.695,33.0
2019-11-18 15:07:16.268,98.695,5.0
2019-11-18 15:07:27.802,98.695,5.0
2019-11-18 15:07:33.215,98.695,45.0
2019-11-18 15:08:10.340,98.695,45.0
2019-11-18 15:11:05.156,98.695,5.0
2019-11-18 15:11:05.176,98.695,1.0
2019-11-18 15:11:49.996,98.695,5.0
2019-11-18 15:11:50.006,98.695,11.0
2019-11-18 15:11:50.038,98.695,5.0
2019-11-18 15:11:50.366,98.695,2.0
2019-11-18 15:14:23.899,98.695,5.0
2019-11-18 15:23:09.205,98.7,5.0
2019-11-18 15:23:09.268,98.7,11.0
2019-11-18 15:23:09.275,98.7,1.0
2019-11-18 15:23:09.275,98.7,1.0
2019-11-18 15:23:09.708,98.7,1.0
2019-11-18 15:23:10.189,98.7,2.0
2019-11-18 15:24:38.991,98.7,2.0
2019-11-18 15:24:38.991,98.7,3.0
2019-11-18 15:29:27.437,98.7,5.0
2019-11-18 15:29:27.440,98.7,2.0
2019-11-18 15:34:58.723,98.7,3.0
2019-11-18 15:34:58.725,98.7,2.0
2019-11-18 15:34:58.881,98.7,5.0
2019-11-18 15:34:58.881,98.7,2.0
2019-11-18 15:36:59.988,98.7,5.0
2019-11-18 15:37:00.007,98.7,7.0
2019-11-18 15:37:45.346,98.7,5.0
2019-11-18 15:41:44.979,98.7,6.0
2019-11-18 15:41:53.002,98.7,5.0
2019-11-18 15:42:48.930,,1.0
2019-11-18 15:48:37.195,,3.0
2019-11-18 15:54:24.827,,10.0
2019-11-18 15:54:33.462,98.7,5.0
2019-11-18 15:54:51.583,98.7,11.0
2019-11-18 15:55:01.794,98.7,26.0
2019-11-18 15:55:01.794,98.7,27.0
2019-11-18 15:56:46.390,98.7,10.0
2019-11-18 15:56:47.927,98.7,2.0
2019-11-18 15:56:48.467,98.7,9.0
2019-11-18 15:57:38.790,98.7,9.0
2019-11-18 15:57:39.494,98.7,5.0
2019-11-18 15:57:40.329,98.7,2.0
2019-11-18 15:57:43.322,98.7,6.0
2019-11-18 15:57:46.805,98.7,4.0
2019-11-18 15:57:46.812,98.7,3.0
2019-11-18 16:00:05.103,98.7,5.0
2019-11-18 16:00:49.999,98.7,1.0
2019-11-18 16:00:52.419,98.7,3.0
2019-11-18 16:00:59.072,98.7,1.0
2019-11-18 16:00:59.072,98.7,20.0
2019-11-18 16:00:59.072,98.7,10.0
2019-11-18 16:01:13.670,98.7,3.0
2019-11-18 16:01:13.678,98.7,1.0
2019-11-18 16:01:13.678,98.7,2.0
2019-11-18 16:01:13.688,98.7,5.0
2019-11-18 16:01:13.688,98.7,24.0
2019-11-18 16:01:13.700,98.7,32.0
2019-11-18 16:01:13.913,98.7,2.0
2019-11-18 16:01:13.998,98.7,1.0
2019-11-18 16:10:52.873,98.7,7.0
2019-11-18 16:10:52.883,98.7,1.0
2019-11-18 16:10:52.893,98.7,1.0
2019-11-18 16:10:52.893,98.7,1.0
2019-11-18 16:10:58.094,,6.0
2019-11-18 16:10:58.912,98.695,20.0
2019-11-18 16:11:51.171,98.7,5.0
2019-11-18 16:12:02.727,98.7,8.0
2019-11-18 16:12:55.760,98.7,2.0
2019-11-18 16:19:22.518,98.7,9.0
2019-11-18 16:19:22.680,98.7,9.0
2019-11-18 16:19:26.902,98.7,18.0
2019-11-18 16:31:11.438,98.7,38.0
2019-11-18 16:31:11.448,98.7,23.0
2019-11-18 16:31:54.690,,5.0
2019-11-18 16:33:20.566,98.7,29.0
2019-11-18 16:33:20.571,98.7,7.0
2019-11-18 16:33:20.583,98.7,3.0
2019-11-18 16:33:20.593,98.7,4.0
2019-11-18 16:33:40.024,98.7,5.0
2019-11-18 16:44:22.155,,15.0
2019-11-18 16:45:46.173,98.7,4.0
2019-11-18 16:45:46.181,98.7,1.0
2019-11-18 16:45:46.183,,1.0
2019-11-18 16:45:50.485,98.7,10.0
2019-11-18 16:46:03.409,98.7,40.0
2019-11-18 16:47:20.383,98.7,10.0
2019-11-18 16:51:02.034,98.7,5.0
2019-11-18 16:54:02.575,98.7,5.0
2019-11-18 16:57:48.456,98.7,6.0
2019-11-18 16:57:48.469,,1.0
2019-11-18 16:58:24.747,98.7,5.0
2019-11-18 16:59:09.233,98.7,5.0
2019-11-18 17:06:06.717,,3.0
2019-11-18 17:10:12.739,,2.0
2019-11-18 17:23:26.718,98.7,5.0
2019-11-18 17:27:17.999,98.7,6.0
2019-11-18 17:33:42.458,98.7,6.0
2019-11-18 17:33:44.966,98.7,5.0
2019-11-18 17:33:44.968,98.7,4.0
2019-11-18 17:36:36.931,98.7,1.0
2019-11-18 17:36:36.979,98.7,3.0
2019-11-18 17:36:36.979,98.7,3.0
2019-11-18 17:36:36.991,98.7,3.0
2019-11-18 17:37:29.684,98.7,1.0
2019-11-18 17:38:02.672,98.7,1.0
2019-11-18 17:40:09.314,,3.0
2019-11-18 17:52:16.920,98.7,5.0
2019-11-18 17:53:52.618,98.7,1.0
2019-11-18 17:53:52.629,,4.0
2019-11-18 17:57:39.713,98.7,5.0
2019-11-18 18:32:01.010,,5.0
2019-11-18 18:42:12.264,98.7,8.0
2019-11-18 18:42:17.085,98.7,5.0
2019-11-18 18:43:21.580,98.7,5.0
2019-11-18 18:47:42.303,98.7,5.0
2019-11-18 19:11:17.994,98.7,30.0
2019-11-18 19:33:08.081,98.695,1.0
2019-11-18 19:34:05.102,98.695,3.0
2019-11-18 19:44:44.055,98.695,2.0
2019-11-18 19:46:18.628,98.695,15.0
2019-11-18 20:00:47.994,98.695,5.0
2019-11-18 20:01:00.156,98.695,10.0
2019-11-18 20:01:00.199,98.695,13.0
2019-11-18 20:01:00.206,98.695,3.0
2019-11-18 20:01:00.225,98.695,2.0
2019-11-18 20:11:49.098,98.695,14.0
2019-11-18 20:12:13.779,98.695,6.0
2019-11-18 20:12:13.779,98.695,4.0
2019-11-18 20:12:13.788,98.695,6.0
2019-11-18 20:12:13.788,98.695,6.0
2019-11-18 20:12:13.799,98.695,3.0
2019-11-18 20:12:13.799,98.695,6.0
2019-11-18 20:12:13.809,98.695,6.0
2019-11-18 20:12:13.809,98.695,5.0
2019-11-18 20:12:13.817,98.695,4.0
2019-11-18 20:12:13.817,98.695,6.0
2019-11-18 20:12:13.819,,4.0
2019-11-18 20:12:13.819,98.695,6.0
2019-11-18 20:12:15.839,98.695,1.0
2019-11-18 20:15:07.383,98.695,1.0
2019-11-18 20:15:07.393,98.695,26.0
2019-11-18 20:15:07.396,98.695,8.0
2019-11-18 20:15:07.403,98.695,6.0
2019-11-18 20:15:07.403,98.695,7.0
2019-11-18 20:15:07.412,98.695,8.0
2019-11-18 20:15:07.421,98.695,9.0
2019-11-18 20:15:07.421,98.695,8.0
2019-11-18 20:15:07.421,98.695,6.0
2019-11-18 20:15:07.421,98.695,10.0
2019-11-18 20:15:07.426,98.695,5.0
2019-11-18 20:15:07.433,98.695,5.0
2019-11-18 20:15:07.441,98.695,10.0
2019-11-18 20:15:07.441,98.695,15.0
2019-11-18 20:15:07.441,98.695,6.0
2019-11-18 20:15:07.443,98.695,16.0
2019-11-18 20:15:07.443,98.695,8.0
2019-11-18 20:15:07.451,98.695,1.0
2019-11-18 20:15:07.453,98.695,13.0
2019-11-18 20:15:07.453,98.695,6.0
2019-11-18 20:15:07.456,98.695,7.0
2019-11-18 20:15:07.465,98.695,5.0
2019-11-18 20:15:07.616,98.695,17.0
2019-11-18 20:15:07.623,98.695,10.0
2019-11-18 20:15:07.733,98.695,17.0
2019-11-18 20:15:07.746,98.695,10.0
2019-11-18 20:15:08.425,98.695,17.0
2019-11-18 20:15:08.443,98.695,10.0
2019-11-18 20:15:08.533,98.695,17.0
2019-11-18 20:15:08.543,98.695,10.0
2019-11-18 20:15:08.633,98.695,11.0
2019-11-18 20:15:08.633,98.695,11.0
2019-11-18 20:15:08.833,98.695,2.0
2019-11-18 20:18:27.668,,9.0
2019-11-18 20:18:48.208,98.7,2.0
2019-11-18 20:20:22.438,,5.0
2019-11-18 20:20:22.450,,8.0
2019-11-18 20:20:22.450,,2.0
2019-11-18 20:31:35.339,98.695,25.0
2019-11-18 20:31:35.367,98.695,5.0
2019-11-18 20:33:34.503,98.695,5.0
2019-11-18 20:45:09.188,98.695,9.0
2019-11-18 20:51:01.499,98.7,1.0
2019-11-18 20:51:03.207,98.7,6.0
2019-11-18 20:51:03.229,98.7,6.0
2019-11-18 21:01:28.590,98.695,300.0
2019-11-18 21:02:04.130,98.695,2.0
2019-11-18 21:02:26.711,98.695,2.0
2019-11-18 21:02:47.320,98.695,13.0
2019-11-18 21:02:47.340,98.695,4.0
2019-11-18 21:02:47.349,98.695,4.0
2019-11-18 21:14:56.039,98.695,22.0
2019-11-18 21:14:56.059,98.695,5.0
2019-11-18 21:14:56.290,98.695,3.0
2019-11-18 21:15:17.428,98.695,2.0
2019-11-18 21:20:43.913,98.695,13.0
2019-11-18 21:55:30.536,98.69,36.0
2019-11-19 02:32:49.565,98.69,4.0
2019-11-19 02:32:49.565,98.69,3.0
2019-11-19 03:11:07.217,98.69,4.0
2019-11-19 03:52:52.578,98.69,2.0
2019-11-19 03:52:52.586,98.69,2.0
2019-11-19 03:52:52.586,98.69,3.0
2019-11-19 03:52:52.586,98.69,3.0
2019-11-19 03:52:52.586,98.69,2.0
2019-11-19 03:52:52.586,98.69,3.0
2019-11-19 03:52:52.588,98.69,2.0
2019-11-19 05:44:56.458,98.69,1.0
2019-11-19 06:59:59.498,98.685,1.0
2019-11-19 07:07:43.046,98.685,6.0
2019-11-19 07:09:00.960,98.685,6.0
2019-11-19 07:11:32.901,98.685,1.0
2019-11-19 07:11:40.511,98.685,1.0
2019-11-19 07:18:01.407,98.68,2.0
2019-11-19 07:42:17.291,98.68,9.0
2019-11-19 07:56:56.691,,12.0
2019-11-19 07:58:24.322,98.675,1.0
2019-11-19 07:58:24.332,98.675,8.0
2019-11-19 07:58:30.981,98.675,60.0
2019-11-19 08:03:11.323,98.675,40.0
2019-11-19 08:23:19.881,98.67,1.0
2019-11-19 08:28:55.155,98.67,19.0
2019-11-19 08:31:16.437,98.67,3.0
2019-11-19 08:38:14.656,98.67,6.0
2019-11-19 08:51:33.477,98.675,19.0
2019-11-19 08:56:55.308,,10.0
2019-11-19 09:03:31.143,98.67,18.0
2019-11-19 09:03:31.153,98.67,37.0
2019-11-19 09:03:31.163,98.67,15.0
2019-11-19 09:04:25.877,98.67,10.0
2019-11-19 09:07:18.059,98.67,25.0
2019-11-19 09:07:40.699,,6.0
2019-11-19 09:09:11.961,,20.0
2019-11-19 09:28:18.167,,3.0
2019-11-19 09:39:32.321,,3.0
2019-11-19 09:39:57.191,,5.0
2019-11-19 09:52:45.093,98.67,6.0
2019-11-19 10:17:09.234,,5.0
2019-11-19 10:20:15.164,98.67,10.0
2019-11-19 10:24:56.453,98.67,12.0
2019-11-19 10:24:56.453,98.67,12.0
2019-11-19 11:55:29.636,98.68,6.0
2019-11-19 12:06:42.947,98.685,9.0
2019-11-19 12:06:42.957,98.685,8.0
2019-11-19 12:08:26.837,98.685,8.0
2019-11-19 12:11:47.127,98.685,2.0
2019-11-19 12:32:44.950,98.685,7.0
2019-11-19 12:41:17.567,,7.0
2019-11-19 13:01:14.843,,5.0
2019-11-19 13:01:38.863,,10.0
2019-11-19 13:01:41.473,,2.0
2019-11-19 13:01:52.634,,20.0
2019-11-19 13:02:26.882,,20.0
2019-11-19 13:03:28.703,,20.0
2019-11-19 13:03:42.365,,20.0
2019-11-19 13:04:47.905,,60.0
2019-11-19 13:09:29.565,,18.0
2019-11-19 13:09:46.174,,5.0
2019-11-19 13:09:52.694,,10.0
2019-11-19 13:09:56.723,,15.0
2019-11-19 13:10:12.074,,10.0
2019-11-19 13:10:16.521,,10.0
2019-11-19 13:15:50.178,98.685,81.0
2019-11-19 13:15:50.290,,2.0
2019-11-19 13:15:55.370,,6.0
2019-11-19 13:16:00.740,,10.0
2019-11-19 13:16:03.529,,10.0
2019-11-19 13:16:06.289,,10.0
2019-11-19 13:16:08.849,,10.0
2019-11-19 13:16:11.469,,10.0
2019-11-19 13:32:15.748,,1.0
2019-11-19 13:32:15.758,,9.0
2019-11-19 13:32:20.028,98.69,10.0
2019-11-19 13:32:22.646,,9.0
2019-11-19 13:32:22.648,,1.0
2019-11-19 13:32:22.648,,1.0
2019-11-19 13:32:26.698,,20.0
2019-11-19 13:32:26.698,,2.0
2019-11-19 13:37:37.697,98.69,130.0
2019-11-19 13:37:37.717,,2.0
2019-11-19 13:37:37.727,98.69,5.0
2019-11-19 13:37:37.757,,1.0
2019-11-19 13:37:37.827,,1.0
2019-11-19 13:37:37.867,98.69,11.0
2019-11-19 13:37:37.877,98.69,9.0
2019-11-19 13:37:37.877,,1.0
2019-11-19 13:37:37.887,98.69,1.0
2019-11-19 13:37:37.897,,2.0
2019-11-19 13:37:38.027,98.69,1.0
2019-11-19 13:37:38.747,98.69,3.0
2019-11-19 13:37:38.747,,1.0
2019-11-19 13:37:38.747,,2.0
2019-11-19 13:39:25.961,98.69,3.0
2019-11-19 13:39:36.871,98.69,5.0
2019-11-19 13:40:08.974,98.69,451.0
2019-11-19 13:40:08.984,98.69,6.0
2019-11-19 13:40:08.994,98.69,18.0
2019-11-19 13:40:08.994,98.69,48.0
2019-11-19 13:40:09.004,98.69,3.0
2019-11-19 13:40:09.004,98.69,3.0
2019-11-19 13:40:09.124,98.69,3.0
2019-11-19 13:40:09.124,98.69,1.0
2019-11-19 13:40:26.824,98.69,5.0
2019-11-19 13:40:39.514,,5.0
2019-11-19 13:40:39.712,98.69,3.0
2019-11-19 13:40:39.712,98.69,4.0
2019-11-19 13:40:39.712,98.69,76.0
2019-11-19 13:40:56.885,,1.0
2019-11-19 13:40:56.895,,1.0
2019-11-19 13:41:08.945,,1.0
2019-11-19 13:41:08.955,,2.0
2019-11-19 13:41:08.965,,3.0
2019-11-19 13:42:42.378,98.695,59.0
2019-11-19 13:42:49.567,98.695,14.0
2019-11-19 13:42:49.567,98.695,5.0
2019-11-19 13:59:42.524,98.69,1.0
2019-11-19 14:00:14.086,98.69,22.0
2019-11-19 14:01:47.709,98.69,30.0
2019-11-19 14:01:47.720,98.69,1.0
2019-11-19 14:01:47.730,98.69,5.0
2019-11-19 14:01:47.730,98.69,11.0
2019-11-19 14:02:30.929,98.69,2.0
2019-11-19 14:02:31.068,98.69,6.0
2019-11-19 14:02:31.859,98.69,2.0
2019-11-19 14:03:18.387,98.69,3.0
2019-11-19 14:03:38.055,98.69,17.0
2019-11-19 14:03:43.655,98.69,2.0
2019-11-19 14:03:43.707,98.69,16.0
2019-11-19 14:03:43.877,98.69,1.0
2019-11-19 14:03:43.887,98.69,1.0
2019-11-19 14:03:44.370,98.69,5.0
2019-11-19 14:10:58.261,98.695,5.0
2019-11-19 14:11:56.540,,1.0
2019-11-19 14:14:29.138,,6.0
2019-11-19 14:18:38.518,,1.0
2019-11-19 14:18:38.528,,1.0
2019-11-19 14:18:38.528,,30.0
2019-11-19 14:18:38.548,,1.0
2019-11-19 14:18:38.548,,2.0
2019-11-19 14:18:40.548,,1.0
2019-11-19 14:18:40.558,,2.0
2019-11-19 14:18:40.577,,3.0
2019-11-19 14:18:40.588,,3.0
2019-11-19 14:25:27.965,,9.0
2019-11-19 14:30:43.195,,4.0
2019-11-19 14:30:43.205,,17.0
2019-11-19 14:35:47.818,98.695,17.0
2019-11-19 14:35:47.827,98.695,2.0
2019-11-19 14:36:01.034,98.695,5.0
2019-11-19 14:36:14.035,98.695,8.0
2019-11-19 14:56:01.050,98.695,3.0
2019-11-19 14:56:01.050,98.695,4.0
2019-11-19 14:56:01.050,98.695,1.0
2019-11-19 14:56:01.052,98.695,2.0
2019-11-19 14:56:01.052,98.695,2.0
2019-11-19 14:56:01.122,98.695,10.0
2019-11-19 14:56:01.234,98.695,10.0
2019-11-19 14:59:16.384,98.7,300.0
2019-11-19 15:01:51.027,98.7,10.0
2019-11-19 15:04:14.839,98.7,9.0
2019-11-19 15:04:14.879,98.7,12.0
2019-11-19 15:04:36.041,98.7,5.0
2019-11-19 15:04:36.052,,15.0
2019-11-19 15:04:46.453,98.7,230.0
2019-11-19 15:04:46.453,98.7,2.0
2019-11-19 15:04:46.464,98.7,5.0
2019-11-19 15:04:46.483,98.7,15.0
2019-11-19 15:05:13.714,98.7,5.0
2019-11-19 15:05:34.371,98.7,2.0
2019-11-19 15:05:34.378,98.7,42.0
2019-11-19 15:05:34.398,98.7,5.0
2019-11-19 15:06:05.302,98.7,5.0
2019-11-19 15:06:55.475,98.7,3.0
2019-11-19 15:11:03.991,,2.0
2019-11-19 15:11:03.991,,18.0
2019-11-19 15:11:15.538,98.695,7.0
2019-11-19 15:13:51.465,98.695,1.0
2019-11-19 15:14:16.019,98.7,16.0
2019-11-19 15:14:16.279,98.7,85.0
2019-11-19 15:14:16.291,98.7,16.0
2019-11-19 15:14:16.537,98.7,33.0
2019-11-19 15:14:16.537,98.7,8.0
2019-11-19 15:14:30.002,98.7,23.0
2019-11-19 15:14:30.002,98.7,53.0
2019-11-19 15:14:30.010,98.7,7.0
2019-11-19 15:14:30.042,98.7,34.0
2019-11-19 15:14:31.982,98.7,60.0
2019-11-19 15:14:31.994,98.7,15.0
2019-11-19 15:14:32.032,98.7,10.0
2019-11-19 15:14:50.721,98.7,61.0
2019-11-19 15:14:51.285,98.7,5.0
2019-11-19 15:14:53.615,98.7,20.0
2019-11-19 15:14:54.613,98.7,5.0
2019-11-19 15:15:07.730,98.7,1.0
2019-11-19 15:15:15.544,98.7,51.0
2019-11-19 15:15:19.326,98.7,4.0
2019-11-19 15:15:26.210,98.7,46.0
2019-11-19 15:15:26.573,98.7,50.0
2019-11-19 15:15:26.813,98.7,50.0
2019-11-19 15:15:27.070,98.7,50.0
2019-11-19 15:15:27.321,98.7,16.0
2019-11-19 15:15:34.013,98.7,5.0
2019-11-19 15:15:56.136,98.7,29.0
2019-11-19 15:15:56.343,98.7,50.0
2019-11-19 15:15:56.553,98.7,5.0
2019-11-19 15:15:56.553,98.7,15.0
2019-11-19 15:17:10.180,,2.0
2019-11-19 15:17:10.180,,58.0
2019-11-19 15:18:56.717,98.7,1.0
2019-11-19 15:18:56.745,98.7,23.0
2019-11-19 15:18:56.765,98.7,36.0
2019-11-19 15:21:27.312,98.7,72.0
2019-11-19 15:21:30.975,98.7,45.0
2019-11-19 15:22:22.546,98.7,1.0
2019-11-19 15:22:27.931,98.7,1.0
2019-11-19 15:23:40.016,98.7,4.0
2019-11-19 15:28:50.774,98.7,5.0
2019-11-19 15:32:48.964,98.7,45.0
2019-11-19 15:33:02.285,98.705,1.0
2019-11-19 15:33:29.950,98.7,3.0
2019-11-19 15:36:53.869,98.705,7.0
2019-11-19 15:36:55.488,,1.0
2019-11-19 15:37:11.486,98.705,6.0
2019-11-19 15:37:34.206,98.705,5.0
2019-11-19 15:37:34.276,,2.0
2019-11-19 15:37:59.645,,5.0
2019-11-19 15:45:51.503,,3.0
2019-11-19 15:46:34.460,,3.0
2019-11-19 15:47:24.878,98.705,5.0
2019-11-19 15:47:24.898,98.705,1.0
2019-11-19 15:47:25.888,98.705,1.0
2019-11-19 15:47:27.878,98.705,1.0
2019-11-19 15:47:37.879,98.705,1.0
2019-11-19 15:48:41.792,98.705,10.0
2019-11-19 15:48:41.805,98.705,4.0
2019-11-19 15:48:42.573,98.705,2.0
2019-11-19 15:48:47.088,98.705,5.0
2019-11-19 15:48:49.186,98.705,9.0
2019-11-19 15:49:35.250,,15.0
2019-11-19 15:49:35.270,,2.0
2019-11-19 15:49:38.538,,15.0
2019-11-19 15:49:38.538,,5.0
2019-11-19 15:50:03.823,,13.0
2019-11-19 15:50:27.493,,2.0
2019-11-19 15:50:27.503,,2.0
2019-11-19 15:50:27.503,,2.0
2019-11-19 15:50:34.644,98.71,5.0
2019-11-19 15:51:09.148,,5.0
2019-11-19 15:51:09.158,,49.0
2019-11-19 15:51:16.547,,5.0
2019-11-19 15:51:16.554,,3.0
2019-11-19 15:51:41.785,98.71,175.0
2019-11-19 15:51:42.175,,30.0
2019-11-19 15:51:42.215,98.715,3.0
2019-11-19 15:52:39.925,98.715,4.0
2019-11-19 15:52:39.925,98.715,10.0
2019-11-19 15:52:39.936,98.715,37.0
2019-11-19 15:53:03.471,,2.0
2019-11-19 15:53:33.873,,2.0
2019-11-19 15:53:47.293,98.71,7.0
2019-11-19 15:58:03.520,98.715,22.0
2019-11-19 15:58:03.530,98.715,5.0
2019-11-19 15:58:03.620,98.715,10.0
2019-11-19 15:58:03.630,98.715,40.0
2019-11-19 15:58:04.838,98.715,20.0
2019-11-19 15:59:07.432,,5.0
2019-11-19 16:01:15.465,98.715,91.0
2019-11-19 16:01:15.537,98.715,10.0
2019-11-19 16:01:15.675,98.715,14.0
2019-11-19 16:01:20.096,98.715,3.0
2019-11-19 16:01:55.503,,14.0
2019-11-19 16:01:55.513,,14.0
2019-11-19 16:01:55.516,,2.0
2019-11-19 16:04:05.459,98.71,30.0
2019-11-19 16:05:18.720,98.715,24.0
2019-11-19 16:07:58.955,,7.0
2019-11-19 16:07:58.965,,9.0
2019-11-19 16:07:58.965,,7.0
2019-11-19 16:07:58.965,,7.0
2019-11-19 16:07:58.965,,7.0
2019-11-19 16:07:58.965,,2.0
2019-11-19 16:09:00.722,,21.0
2019-11-19 16:09:43.498,98.715,9.0
2019-11-19 16:19:38.910,98.71,2.0
2019-11-19 16:19:38.930,98.71,43.0
2019-11-19 16:19:56.657,98.71,1.0
2019-11-19 16:26:23.642,98.71,5.0
2019-11-19 16:29:24.079,98.71,5.0
2019-11-19 16:36:52.986,98.71,5.0
2019-11-19 16:38:40.521,98.705,5.0
2019-11-19 16:38:40.524,98.705,2.0
2019-11-19 16:38:41.793,98.705,5.0
2019-11-19 16:39:14.003,98.7,19.0
2019-11-19 16:39:14.003,,2.0
2019-11-19 16:39:14.003,98.7,2.0
2019-11-19 16:39:14.003,98.7,2.0
2019-11-19 16:39:14.003,98.7,2.0
2019-11-19 16:39:14.003,98.7,1.0
2019-11-19 16:39:14.003,98.7,1.0
2019-11-19 16:39:14.003,98.7,1.0
2019-11-19 16:39:14.003,98.7,1.0
2019-11-19 16:39:14.003,98.7,1.0
2019-11-19 16:39:14.003,98.7,1.0
2019-11-19 16:39:14.003,98.7,1.0
2019-11-19 16:39:14.003,98.7,2.0
2019-11-19 16:39:14.003,98.7,1.0
2019-11-19 16:39:14.003,98.7,1.0
2019-11-19 16:39:14.003,98.7,1.0
2019-11-19 16:39:14.003,98.7,1.0
2019-11-19 16:39:14.003,98.7,1.0
2019-11-19 16:39:14.003,98.7,1.0
2019-11-19 16:39:14.015,98.7,9.0
2019-11-19 16:39:14.015,,173.0
2019-11-19 16:39:14.053,98.7,1.0
2019-11-19 16:40:29.489,98.705,5.0
2019-11-19 16:42:22.376,98.705,70.0
2019-11-19 16:42:22.383,,30.0
2019-11-19 16:42:22.403,98.705,4.0
2019-11-19 16:42:22.503,98.705,5.0
2019-11-19 16:42:30.517,98.705,5.0
2019-11-19 16:43:02.266,98.705,3.0
2019-11-19 16:45:55.055,98.705,3.0
2019-11-19 16:46:12.241,98.705,5.0
2019-11-19 16:47:01.688,,1.0
2019-11-19 16:47:01.688,,59.0
2019-11-19 16:50:28.299,98.705,21.0
2019-11-19 16:54:53.526,98.705,5.0
2019-11-19 16:55:13.049,98.705,3.0
2019-11-19 16:55:45.331,98.705,2.0
2019-11-19 16:59:25.494,98.705,55.0
2019-11-19 16:59:28.069,98.705,1.0
2019-11-19 16:59:36.056,98.705,1.0
2019-11-19 17:00:17.369,98.705,10.0
2019-11-19 17:00:40.232,98.705,5.0
2019-11-19 17:05:11.086,98.71,5.0
2019-11-19 17:05:11.156,98.71,11.0
2019-11-19 17:05:11.156,98.71,8.0
2019-11-19 17:05:24.435,98.71,3.0
2019-11-19 17:07:44.329,98.71,5.0
2019-11-19 17:08:18.422,98.71,5.0
2019-11-19 17:08:20.433,98.705,9.0
2019-11-19 17:09:11.877,98.71,5.0
2019-11-19 17:09:41.093,98.71,5.0
2019-11-19 17:13:07.050,,1.0
2019-11-19 17:20:54.130,98.71,5.0
2019-11-19 17:22:28.767,98.71,5.0
2019-11-19 17:22:28.797,98.71,13.0
2019-11-19 17:22:30.326,98.705,5.0
2019-11-19 17:26:54.071,98.71,65.0
2019-11-19 17:26:54.110,98.71,2.0
2019-11-19 18:02:20.006,98.715,2.0
2019-11-19 18:02:20.027,98.715,6.0
2019-11-19 18:02:39.238,98.715,3.0
2019-11-19 18:02:50.428,,7.0
2019-11-19 18:02:50.428,,1.0
2019-11-19 18:02:50.428,,2.0
2019-11-19 18:02:50.428,,1.0
2019-11-19 18:02:50.428,,3.0
2019-11-19 18:02:50.428,,1.0
2019-11-19 18:02:50.428,,2.0
2019-11-19 18:02:50.428,,1.0
2019-11-19 18:03:02.400,98.715,1.0
2019-11-19 18:03:02.420,98.715,2.0
2019-11-19 18:03:02.472,98.715,5.0
2019-11-19 18:17:15.061,98.715,1.0
2019-11-19 18:39:32.617,98.715,5.0
2019-11-19 18:44:45.614,98.715,5.0
2019-11-19 18:46:12.443,98.715,2.0
2019-11-19 18:47:01.818,98.72,60.0
2019-11-19 19:07:59.963,98.715,16.0
2019-11-19 19:08:52.375,98.71,15.0
2019-11-19 19:08:52.917,98.71,10.0
2019-11-19 19:08:52.917,98.71,3.0
2019-11-19 19:08:52.920,98.71,4.0
2019-11-19 19:08:52.930,,10.0
2019-11-19 19:18:56.210,98.71,191.0
2019-11-19 19:18:56.240,98.71,5.0
2019-11-19 19:19:00.352,98.71,26.0
2019-11-19 19:19:00.362,98.71,24.0
2019-11-19 19:19:02.952,98.71,27.0
2019-11-19 19:19:02.962,98.71,6.0
2019-11-19 19:19:02.962,98.71,17.0
2019-11-19 19:19:03.711,98.71,5.0
2019-11-19 19:19:12.511,98.71,5.0
2019-11-19 19:27:56.552,98.71,1.0
2019-11-19 19:27:56.562,98.71,4.0
2019-11-19 19:27:56.562,98.71,15.0
2019-11-19 19:28:19.594,98.71,7.0
2019-11-19 19:40:46.512,98.71,1.0
2019-11-19 19:44:49.987,98.71,1.0
2019-11-19 19:46:07.207,98.71,40.0
2019-11-19 19:57:47.850,98.715,60.0
2019-11-19 19:57:51.299,98.715,60.0
2019-11-19 19:57:54.339,98.715,60.0
2019-11-19 19:58:20.861,98.715,18.0
2019-11-19 19:59:40.625,98.715,26.0
2019-11-19 19:59:58.473,98.715,18.0
2019-11-19 19:59:58.473,98.715,13.0
2019-11-19 19:59:58.473,98.715,14.0
2019-11-19 19:59:58.475,98.715,11.0
2019-11-19 20:00:41.631,98.715,2.0
2019-11-19 20:00:44.596,98.715,22.0
2019-11-19 20:00:44.643,98.715,18.0
2019-11-19 20:00:44.743,98.715,6.0
2019-11-19 20:00:46.354,98.71,5.0
2019-11-19 20:01:11.684,98.715,2.0
2019-11-19 20:01:15.664,98.715,20.0
2019-11-19 20:01:15.673,98.715,19.0
2019-11-19 20:01:15.673,98.715,18.0
2019-11-19 20:01:15.673,98.715,6.0
2019-11-19 20:01:54.549,98.715,1.0
2019-11-19 20:01:54.559,98.715,2.0
2019-11-19 20:01:54.749,98.715,1.0
2019-11-19 20:02:13.160,98.715,5.0
2019-11-19 20:02:52.139,98.715,10.0
2019-11-19 20:02:52.139,98.715,6.0
2019-11-19 20:02:56.467,98.715,12.0
2019-11-19 20:02:56.479,98.715,10.0
2019-11-19 20:02:58.922,98.715,35.0
2019-11-19 20:04:12.051,98.715,10.0
2019-11-19 20:04:12.061,98.715,12.0
2019-11-19 20:07:38.358,98.715,10.0
2019-11-19 20:19:08.766,98.71,10.0
2019-11-19 20:19:57.671,98.71,3.0
2019-11-19 20:36:18.788,98.71,6.0
2019-11-19 20:36:19.059,98.71,1.0
2019-11-19 20:36:20.066,98.71,1.0
2019-11-19 20:36:22.078,98.71,1.0
2019-11-19 20:36:26.168,98.71,1.0
2019-11-19 20:47:27.023,98.715,1.0
2019-11-19 20:47:27.043,98.715,10.0
2019-11-19 20:47:27.823,98.715,2.0
2019-11-19 21:10:43.026,98.715,30.0
2019-11-19 21:10:43.106,98.715,5.0
2019-11-19 21:10:43.406,98.715,14.0
2019-11-19 21:10:44.154,98.715,2.0
2019-11-19 21:10:44.154,98.715,6.0
2019-11-19 21:13:44.050,98.715,2.0
2019-11-19 21:13:44.061,98.715,1.0
2019-11-19 21:13:44.061,98.715,2.0
2019-11-19 21:13:50.681,98.715,1.0
2019-11-19 21:13:50.691,98.715,2.0
2019-11-19 21:25:35.423,98.715,25.0
2019-11-19 21:48:51.332,98.71,2.0
2019-11-19 23:04:21.992,,1.0
2019-11-19 23:04:22.002,,2.0
2019-11-20 00:14:23.987,98.72,1.0
2019-11-20 01:58:22.584,,50.0
2019-11-20 01:59:18.548,,62.0
2019-11-20 02:01:53.811,98.74,1.0
2019-11-20 02:24:28.947,98.74,2.0
2019-11-20 02:31:10.990,98.74,2.0
2019-11-20 03:10:15.966,98.74,2.0
2019-11-20 03:10:15.968,98.74,1.0
2019-11-20 03:10:15.968,98.74,2.0
2019-11-20 03:10:15.968,98.74,1.0
2019-11-20 03:20:14.130,98.735,5.0
2019-11-20 03:20:14.140,98.735,1.0
2019-11-20 03:20:14.140,98.735,1.0
2019-11-20 03:29:02.673,98.735,15.0
2019-11-20 03:29:02.691,98.735,7.0
2019-11-20 03:29:02.693,98.735,4.0
2019-11-20 03:29:02.693,98.735,2.0
2019-11-20 03:29:02.693,98.735,2.0
2019-11-20 03:29:02.693,98.735,1.0
2019-11-20 03:40:08.869,98.735,25.0
2019-11-20 03:59:43.444,98.735,1.0
2019-11-20 04:02:35.196,98.735,21.0
2019-11-20 04:02:35.205,98.735,12.0
2019-11-20 04:02:35.205,98.735,3.0
2019-11-20 07:12:22.366,98.725,2.0
2019-11-20 07:16:04.749,98.725,2.0
2019-11-20 07:42:59.476,98.745,12.0
2019-11-20 07:42:59.476,98.745,12.0
2019-11-20 07:43:29.390,,12.0
2019-11-20 08:23:40.079,98.745,19.0
2019-11-20 08:30:09.768,98.74,3.0
2019-11-20 08:36:35.414,98.74,5.0
2019-11-20 08:40:33.828,98.74,2.0
2019-11-20 08:40:33.838,98.74,8.0
2019-11-20 08:52:53.648,98.74,10.0
2019-11-20 08:53:02.196,98.74,21.0
2019-11-20 08:53:02.206,98.74,17.0
2019-11-20 09:04:38.334,98.74,5.0
2019-11-20 09:18:29.965,,15.0
2019-11-20 09:23:29.235,98.735,4.0
2019-11-20 09:23:35.346,98.735,2.0
2019-11-20 09:26:51.247,,43.0
2019-11-20 09:26:51.247,,2.0
2019-11-20 09:26:51.247,,1.0
2019-11-20 10:00:11.460,,2.0
2019-11-20 10:02:48.767,98.735,3.0
2019-11-20 10:12:51.908,98.735,3.0
2019-11-20 10:36:31.275,98.735,136.0
2019-11-20 10:51:03.828,,16.0
2019-11-20 10:51:05.948,,2.0
2019-11-20 10:51:07.728,,4.0
2019-11-20 10:51:09.748,,1.0
2019-11-20 11:04:14.385,98.735,30.0
2019-11-20 11:07:23.646,98.735,18.0
2019-11-20 11:28:50.163,98.74,30.0
2019-11-20 12:10:24.088,,2.0
2019-11-20 12:10:24.088,,1.0
2019-11-20 12:20:06.354,98.735,30.0
2019-11-20 12:20:06.374,98.735,16.0
2019-11-20 12:37:02.541,98.735,121.0
2019-11-20 12:37:02.551,98.735,149.0
2019-11-20 12:37:02.559,98.735,65.0
2019-11-20 12:37:02.559,98.735,4.0
2019-11-20 12:37:02.561,98.735,26.0
2019-11-20 12:37:02.561,98.735,12.0
2019-11-20 12:37:02.561,98.735,1.0
2019-11-20 12:37:02.571,98.735,3.0
2019-11-20 12:37:02.581,98.735,3.0
2019-11-20 12:41:53.662,98.745,1.0
2019-11-20 12:41:54.793,98.745,1.0
2019-11-20 12:42:04.972,98.745,30.0
2019-11-20 12:42:04.982,98.745,29.0
2019-11-20 12:42:04.982,,95.0
2019-11-20 12:42:57.692,98.745,19.0
2019-11-20 12:45:03.921,,1.0
2019-11-20 12:45:03.930,,1.0
2019-11-20 12:45:03.930,,11.0
2019-11-20 12:45:03.930,,1.0
2019-11-20 12:45:03.930,,1.0
2019-11-20 12:45:03.930,,2.0
2019-11-20 12:45:03.930,,1.0
2019-11-20 12:45:03.932,,1.0
2019-11-20 12:45:03.932,,1.0
2019-11-20 12:46:33.501,98.745,24.0
2019-11-20 12:46:56.602,98.745,30.0
2019-11-20 12:46:56.611,98.745,21.0
2019-11-20 12:46:56.865,,1.0
2019-11-20 12:46:56.882,,1.0
2019-11-20 12:46:56.895,,1.0
2019-11-20 12:46:57.631,98.745,5.0
2019-11-20 12:46:57.641,,30.0
2019-11-20 12:47:01.281,,25.0
2019-11-20 12:47:13.702,,5.0
2019-11-20 12:47:13.702,,5.0
2019-11-20 12:52:12.855,98.745,3.0
2019-11-20 12:52:12.865,98.745,3.0
2019-11-20 12:52:21.886,98.745,3.0
2019-11-20 12:52:21.886,,3.0
2019-11-20 12:52:39.436,98.745,25.0
2019-11-20 12:52:39.446,98.745,5.0
2019-11-20 12:52:40.926,98.745,10.0
2019-11-20 12:53:07.755,,10.0
2019-11-20 12:54:07.725,,25.0
2019-11-20 12:57:06.084,98.745,8.0
2019-11-20 12:58:34.776,98.745,4.0
2019-11-20 12:59:42.316,98.745,3.0
2019-11-20 12:59:49.385,,2.0
2019-11-20 13:02:43.662,,10.0
2019-11-20 13:05:34.456,,1.0
2019-11-20 13:05:34.536,,1.0
2019-11-20 13:05:35.616,,1.0
2019-11-20 13:05:36.655,,1.0
2019-11-20 13:05:42.065,,16.0
2019-11-20 13:05:59.563,98.745,5.0
2019-11-20 13:06:09.078,98.745,5.0
2019-11-20 13:10:14.834,,26.0
2019-11-20 13:18:37.727,98.74,5.0
2019-11-20 13:20:28.418,98.74,60.0
2019-11-20 13:26:59.483,98.74,5.0
2019-11-20 13:27:13.163,,10.0
2019-11-20 13:27:46.453,98.74,3.0
2019-11-20 13:28:11.223,98.74,1.0
2019-11-20 13:30:38.904,98.735,4.0
2019-11-20 13:30:38.962,98.735,2.0
2019-11-20 13:33:03.121,98.735,48.0
2019-11-20 13:34:45.205,,1.0
2019-11-20 13:36:09.965,98.74,1.0
2019-11-20 13:36:10.045,98.74,5.0
2019-11-20 13:36:10.325,98.74,2.0
2019-11-20 13:38:17.684,98.74,1.0
2019-11-20 13:46:59.886,98.74,2.0
2019-11-20 13:47:42.877,98.74,1.0
2019-11-20 13:48:00.565,98.74,4.0
2019-11-20 13:48:00.577,98.74,3.0
2019-11-20 13:48:30.396,98.74,1.0
2019-11-20 13:48:40.487,98.74,3.0
2019-11-20 13:49:32.739,98.74,4.0
2019-11-20 13:49:39.808,98.74,1.0
2019-11-20 13:49:39.818,98.74,16.0
2019-11-20 13:49:39.828,98.74,3.0
2019-11-20 13:51:43.863,98.74,5.0
2019-11-20 13:58:41.445,98.745,40.0
2019-11-20 13:58:41.455,98.745,14.0
2019-11-20 13:58:41.455,,35.0
2019-11-20 14:01:43.494,98.745,1.0
2019-11-20 14:05:36.751,,1.0
2019-11-20 14:06:55.581,,4.0
2019-11-20 14:08:37.654,98.74,10.0
2019-11-20 14:08:41.700,98.74,5.0
2019-11-20 14:08:42.330,98.74,1.0
2019-11-20 14:13:45.798,98.735,5.0
2019-11-20 14:14:56.027,98.735,5.0
2019-11-20 14:14:56.105,98.735,3.0
2019-11-20 14:14:56.107,98.735,3.0
2019-11-20 14:14:56.107,98.735,2.0
2019-11-20 14:14:56.116,98.735,2.0
2019-11-20 14:14:56.116,98.735,2.0
2019-11-20 14:14:56.167,98.735,5.0
2019-11-20 14:15:45.138,,50.0
2019-11-20 14:17:31.318,,5.0
2019-11-20 14:19:15.738,98.73,8.0
2019-11-20 14:19:15.950,98.73,5.0
2019-11-20 14:20:48.939,98.73,3.0
2019-11-20 14:20:48.939,98.73,1.0
2019-11-20 14:20:59.969,98.73,10.0
2019-11-20 14:21:02.301,98.73,5.0
2019-11-20 14:21:15.540,98.73,5.0
2019-11-20 14:21:15.550,98.73,1.0
2019-11-20 14:27:36.365,98.73,1.0
2019-11-20 14:28:13.355,,3.0
2019-11-20 14:28:13.355,,3.0
2019-11-20 14:28:56.087,,3.0
2019-11-20 14:29:25.175,,6.0
2019-11-20 14:29:44.128,,3.0
2019-11-20 14:29:44.135,,2.0
2019-11-20 14:30:17.299,98.73,5.0
2019-11-20 14:30:17.319,98.73,5.0
2019-11-20 14:30:17.319,,8.0
2019-11-20 14:30:19.791,98.73,5.0
2019-11-20 14:31:05.535,98.73,15.0
2019-11-20 14:31:05.537,98.73,13.0
2019-11-20 14:31:09.817,,3.0
2019-11-20 14:32:13.076,98.73,5.0
2019-11-20 14:32:22.088,98.73,5.0
2019-11-20 14:32:22.108,98.73,15.0
2019-11-20 14:32:33.855,98.73,81.0
2019-11-20 14:32:33.863,98.73,2.0
2019-11-20 14:32:33.901,98.73,2.0
2019-11-20 14:33:06.004,98.73,12.0
2019-11-20 14:33:06.004,98.73,15.0
2019-11-20 14:33:06.004,98.73,5.0
2019-11-20 14:34:15.509,98.73,5.0
2019-11-20 14:34:53.358,98.73,5.0
2019-11-20 14:44:50.086,98.73,5.0
2019-11-20 14:44:50.215,98.73,5.0
2019-11-20 14:49:25.894,98.73,5.0
2019-11-20 14:53:48.265,98.735,9.0
2019-11-20 14:53:48.274,,107.0
2019-11-20 14:53:48.314,98.735,1.0
2019-11-20 14:53:53.665,98.735,10.0
2019-11-20 14:55:02.126,98.735,2.0
2019-11-20 14:55:46.449,98.735,14.0
2019-11-20 14:56:54.181,98.735,2.0
2019-11-20 15:01:51.413,98.735,17.0
2019-11-20 15:01:51.431,98.735,5.0
2019-11-20 15:02:35.361,,3.0
2019-11-20 15:02:59.261,,5.0
2019-11-20 15:15:19.706,98.74,2.0
2019-11-20 15:16:30.823,98.74,5.0
2019-11-20 15:16:31.500,98.74,23.0
2019-11-20 15:17:52.685,98.74,27.0
2019-11-20 15:21:49.243,98.74,5.0
2019-11-20 15:21:52.014,98.74,5.0
2019-11-20 15:22:35.584,98.745,80.0
2019-11-20 15:22:35.584,,20.0
2019-11-20 15:22:35.594,98.745,8.0
2019-11-20 15:22:38.924,98.745,92.0
2019-11-20 15:22:38.924,,10.0
2019-11-20 15:23:07.124,,1.0
2019-11-20 15:28:19.713,98.74,30.0
2019-11-20 15:32:08.459,98.735,3.0
2019-11-20 15:32:08.472,98.735,1.0
2019-11-20 15:32:08.927,98.735,1.0
2019-11-20 15:32:08.929,98.735,1.0
2019-11-20 15:32:08.929,98.735,1.0
2019-11-20 15:32:08.932,98.735,2.0
2019-11-20 15:32:15.171,98.735,1.0
2019-11-20 15:32:15.179,98.735,1.0
2019-11-20 15:32:15.181,98.735,1.0
2019-11-20 15:32:15.191,98.735,2.0
2019-11-20 15:32:18.355,98.735,10.0
2019-11-20 15:32:19.748,98.735,10.0
2019-11-20 15:32:19.876,98.735,3.0
2019-11-20 15:34:20.038,98.735,15.0
2019-11-20 15:34:28.880,98.735,5.0
2019-11-20 15:40:34.648,98.735,6.0
2019-11-20 15:43:32.031,,1.0
2019-11-20 15:47:21.911,98.735,1.0
2019-11-20 15:58:22.719,98.74,1.0
2019-11-20 15:58:22.722,98.74,2.0
2019-11-20 15:58:22.729,98.74,1.0
2019-11-20 15:58:22.731,98.74,4.0
2019-11-20 15:58:22.749,98.74,5.0
2019-11-20 15:58:23.351,98.74,10.0
2019-11-20 15:58:23.351,98.74,5.0
2019-11-20 15:58:23.361,98.74,1.0
2019-11-20 15:58:23.469,98.74,3.0
2019-11-20 16:00:14.938,98.74,5.0
2019-11-20 16:00:19.661,98.74,5.0
2019-11-20 16:00:43.433,98.74,5.0
2019-11-20 16:06:46.396,98.735,4.0
2019-11-20 16:06:46.536,98.735,34.0
2019-11-20 16:12:08.391,98.735,5.0
2019-11-20 16:12:48.592,98.735,5.0
2019-11-20 16:15:33.524,98.735,3.0
2019-11-20 16:17:40.060,98.735,63.0
2019-11-20 16:21:41.475,98.735,12.0
2019-11-20 16:23:06.010,98.735,5.0
2019-11-20 16:23:06.048,98.735,26.0
2019-11-20 16:23:07.611,98.73,11.0
2019-11-20 16:29:55.403,98.73,1.0
2019-11-20 16:29:55.403,98.73,2.0
2019-11-20 16:30:11.980,98.73,3.0
2019-11-20 16:30:39.294,98.73,5.0
2019-11-20 16:33:19.656,98.73,5.0
2019-11-20 16:35:48.196,98.73,5.0
2019-11-20 16:38:52.736,98.73,100.0
2019-11-20 16:42:04.509,98.725,1.0
2019-11-20 16:42:04.509,98.725,1.0
2019-11-20 16:42:04.511,98.725,1.0
2019-11-20 16:42:04.511,98.725,4.0
2019-11-20 16:42:04.521,98.725,1.0
2019-11-20 16:42:30.147,98.725,1.0
2019-11-20 17:07:58.058,98.73,3.0
2019-11-20 17:08:12.444,,1.0
2019-11-20 17:15:47.824,98.73,24.0
2019-11-20 17:17:05.774,98.73,3.0
2019-11-20 17:20:54.331,98.73,4.0
2019-11-20 17:28:27.631,98.73,5.0
2019-11-20 17:28:27.642,98.73,10.0
2019-11-20 17:29:03.608,98.73,1.0
2019-11-20 17:32:56.344,98.73,32.0
2019-11-20 17:34:47.981,98.73,6.0
2019-11-20 17:42:05.782,98.725,34.0
2019-11-20 17:42:05.782,98.725,5.0
2019-11-20 17:42:05.792,98.725,4.0
2019-11-20 17:42:05.802,98.725,5.0
2019-11-20 17:42:07.726,98.725,1.0
2019-11-20 17:43:53.466,98.725,2.0
2019-11-20 17:52:20.520,98.73,2.0
2019-11-20 17:53:47.010,98.73,1.0
2019-11-20 17:53:49.270,98.73,1.0
2019-11-20 17:55:01.210,98.73,24.0
2019-11-20 17:55:01.673,98.735,40.0
2019-11-20 17:55:01.685,98.735,3.0
2019-11-20 17:55:01.717,98.735,2.0
2019-11-20 17:55:01.717,98.735,3.0
2019-11-20 17:55:01.725,98.735,3.0
2019-11-20 17:55:01.725,98.735,1.0
2019-11-20 17:55:01.725,98.735,2.0
2019-11-20 17:55:01.727,98.735,3.0
2019-11-20 17:55:01.735,98.735,4.0
2019-11-20 17:55:01.737,98.735,2.0
2019-11-20 17:55:01.747,98.735,1.0
2019-11-20 17:55:01.747,98.735,2.0
2019-11-20 17:55:01.755,98.735,12.0
2019-11-20 17:55:01.755,98.735,4.0
2019-11-20 17:55:01.764,98.735,13.0
2019-11-20 17:55:01.765,98.735,3.0
2019-11-20 17:55:01.765,98.735,5.0
2019-11-20 17:55:01.767,98.735,1.0
2019-11-20 17:55:01.777,98.735,8.0
2019-11-20 17:55:01.787,98.735,2.0
2019-11-20 17:55:01.787,98.735,2.0
2019-11-20 17:55:01.793,98.735,1.0
2019-11-20 17:55:01.797,98.735,1.0
2019-11-20 17:55:01.797,98.735,1.0
2019-11-20 17:55:01.797,98.735,1.0
2019-11-20 17:55:01.803,98.735,1.0
2019-11-20 17:55:01.803,98.735,2.0
2019-11-20 17:55:01.808,98.735,1.0
2019-11-20 17:55:01.808,98.735,4.0
2019-11-20 17:55:01.808,98.735,1.0
2019-11-20 17:55:01.813,98.735,2.0
2019-11-20 17:55:01.817,98.735,16.0
2019-11-20 17:55:01.817,98.735,1.0
2019-11-20 17:55:01.823,98.735,5.0
2019-11-20 17:55:01.837,98.735,1.0
2019-11-20 17:55:01.843,98.735,1.0
2019-11-20 17:55:01.843,98.735,1.0
2019-11-20 17:55:01.845,98.735,5.0
2019-11-20 17:55:01.845,98.735,4.0
2019-11-20 17:55:01.858,98.735,10.0
2019-11-20 17:55:02.514,,1.0
2019-11-20 17:55:02.515,98.74,5.0
2019-11-20 17:55:02.527,,1.0
2019-11-20 17:55:02.547,98.74,5.0
2019-11-20 17:55:02.644,,1.0
2019-11-20 17:55:02.677,,78.0
2019-11-20 17:55:02.755,98.74,3.0
2019-11-20 17:55:02.758,98.74,1.0
2019-11-20 17:55:02.763,98.74,1.0
2019-11-20 17:55:02.763,98.74,13.0
2019-11-20 17:55:02.797,98.74,12.0
2019-11-20 17:55:02.797,98.74,5.0
2019-11-20 17:55:02.827,98.74,5.0
2019-11-20 17:55:02.853,98.74,7.0
2019-11-20 17:55:02.887,98.74,5.0
2019-11-20 17:55:03.057,,2.0
2019-11-20 17:55:03.057,,1.0
2019-11-20 17:55:03.157,98.74,8.0
2019-11-20 17:55:03.447,,2.0
2019-11-20 17:55:03.503,98.74,18.0
2019-11-20 17:55:03.614,98.74,1.0
2019-11-20 17:55:03.614,,1.0
2019-11-20 17:55:05.818,98.735,5.0
2019-11-20 17:55:05.838,98.735,1.0
2019-11-20 17:55:05.868,,3.0
2019-11-20 17:55:05.886,98.735,3.0
2019-11-20 17:55:05.898,,17.0
2019-11-20 17:55:06.108,98.735,5.0
2019-11-20 17:55:06.116,98.735,2.0
2019-11-20 17:55:06.118,98.735,5.0
2019-11-20 17:55:06.268,98.735,4.0
2019-11-20 17:55:06.268,98.735,3.0
2019-11-20 17:55:07.288,98.73,29.0
2019-11-20 17:55:08.898,98.735,24.0
2019-11-20 17:55:08.938,98.735,3.0
2019-11-20 17:55:09.056,98.735,6.0
2019-11-20 17:55:09.056,98.735,6.0
2019-11-20 17:55:09.284,98.735,1.0
2019-11-20 17:55:09.288,98.735,1.0
2019-11-20 17:55:09.288,98.735,1.0
2019-11-20 17:55:09.408,98.735,1.0
2019-11-20 17:55:12.998,,3.0
2019-11-20 17:55:21.826,98.74,21.0
2019-11-20 17:55:23.016,98.74,5.0
2019-11-20 17:55:23.214,98.74,5.0
2019-11-20 17:55:25.917,98.735,3.0
2019-11-20 17:55:29.579,98.74,2.0
2019-11-20 17:55:30.309,98.74,5.0
2019-11-20 17:55:35.501,98.74,5.0
2019-11-20 17:55:36.191,98.74,2.0
2019-11-20 17:55:39.802,98.74,3.0
2019-11-20 17:55:43.070,98.74,3.0
2019-11-20 17:56:03.990,98.745,5.0
2019-11-20 17:56:11.162,98.745,5.0
2019-11-20 17:57:08.705,98.745,4.0
2019-11-20 17:57:09.230,98.745,1.0
2019-11-20 17:57:09.245,98.745,14.0
2019-11-20 17:57:10.236,98.745,1.0
2019-11-20 17:57:10.268,98.745,13.0
2019-11-20 17:57:10.769,98.745,1.0
2019-11-20 17:57:11.261,98.745,19.0
2019-11-20 17:57:11.289,98.745,6.0
2019-11-20 17:57:11.759,98.745,1.0
2019-11-20 17:57:11.779,98.745,7.0
2019-11-20 17:57:12.261,98.745,6.0
2019-11-20 17:57:12.780,98.745,1.0
2019-11-20 17:57:13.293,98.745,4.0
2019-11-20 17:57:13.801,98.745,4.0
2019-11-20 17:57:14.305,98.745,3.0
2019-11-20 17:57:15.313,98.745,1.0
2019-11-20 17:57:42.209,98.75,5.0
2019-11-20 17:58:33.949,98.75,5.0
2019-11-20 17:58:50.656,98.75,15.0
2019-11-20 17:58:51.489,98.75,5.0
2019-11-20 17:58:52.144,98.75,3.0
2019-11-20 17:59:32.427,98.745,5.0
2019-11-20 17:59:39.443,98.745,5.0
2019-11-20 18:01:18.673,98.74,1.0
2019-11-20 18:01:18.673,98.74,4.0
2019-11-20 18:01:28.978,98.74,1.0
2019-11-20 18:02:23.021,98.74,5.0
2019-11-20 18:05:32.889,98.74,10.0
2019-11-20 18:09:12.873,98.745,5.0
2019-11-20 18:09:13.456,98.745,5.0
2019-11-20 18:11:04.978,98.75,4.0
2019-11-20 18:11:15.833,98.75,18.0
2019-11-20 18:11:15.837,98.75,2.0
2019-11-20 18:11:15.845,98.75,4.0
2019-11-20 18:12:10.895,98.75,90.0
2019-11-20 18:12:10.916,98.75,25.0
2019-11-20 18:12:10.925,98.75,29.0
2019-11-20 18:12:10.925,98.75,35.0
2019-11-20 18:12:10.925,98.75,27.0
2019-11-20 18:12:10.927,98.75,9.0
2019-11-20 18:12:10.930,98.75,50.0
2019-11-20 18:12:11.097,,38.0
2019-11-20 18:12:11.105,98.755,1.0
2019-11-20 18:12:11.105,98.755,2.0
2019-11-20 18:12:11.105,98.755,1.0
2019-11-20 18:12:11.105,98.755,1.0
2019-11-20 18:12:11.105,98.755,2.0
2019-11-20 18:12:11.105,98.755,5.0
2019-11-20 18:12:11.105,98.755,4.0
2019-11-20 18:12:11.107,98.755,1.0
2019-11-20 18:12:11.115,98.755,6.0
2019-11-20 18:12:11.115,98.755,5.0
2019-11-20 18:12:11.115,98.755,5.0
2019-11-20 18:12:11.115,98.755,2.0
2019-11-20 18:12:11.115,98.755,12.0
2019-11-20 18:12:11.115,98.755,24.0
2019-11-20 18:12:11.115,98.755,6.0
2019-11-20 18:12:11.115,98.755,5.0
2019-11-20 18:12:11.115,98.755,2.0
2019-11-20 18:12:11.115,98.755,1.0
2019-11-20 18:12:11.115,98.755,37.0
2019-11-20 18:12:11.115,98.755,4.0
2019-11-20 18:12:11.115,98.755,1.0
2019-11-20 18:12:11.115,98.755,1.0
2019-11-20 18:12:11.115,98.755,5.0
2019-11-20 18:12:11.117,98.755,9.0
2019-11-20 18:12:11.117,98.755,1.0
2019-11-20 18:12:11.125,98.755,4.0
2019-11-20 18:12:11.125,98.755,1.0
2019-11-20 18:12:11.125,98.755,2.0
2019-11-20 18:12:11.125,98.755,2.0
2019-11-20 18:12:11.127,98.755,7.0
2019-11-20 18:12:11.127,98.755,8.0
2019-11-20 18:12:11.127,98.755,1.0
2019-11-20 18:12:11.127,98.755,1.0
2019-11-20 18:12:11.135,98.755,2.0
2019-11-20 18:12:11.135,98.755,3.0
2019-11-20 18:12:11.135,98.755,1.0
2019-11-20 18:12:11.135,98.755,1.0
2019-11-20 18:12:11.135,98.755,1.0
2019-11-20 18:12:11.135,98.755,7.0
2019-11-20 18:12:11.135,98.755,2.0
2019-11-20 18:12:11.135,98.755,1.0
2019-11-20 18:12:11.135,98.755,1.0
2019-11-20 18:12:11.135,98.755,1.0
2019-11-20 18:12:11.135,98.755,1.0
2019-11-20 18:12:11.135,98.755,3.0
2019-11-20 18:12:11.135,98.755,2.0
2019-11-20 18:12:11.135,98.755,1.0
2019-11-20 18:12:11.135,98.755,1.0
2019-11-20 18:12:11.135,98.755,1.0
2019-11-20 18:12:11.135,98.755,3.0
2019-11-20 18:12:11.135,98.755,1.0
2019-11-20 18:12:11.137,98.755,4.0
2019-11-20 18:12:11.137,98.755,16.0
2019-11-20 18:12:11.137,98.755,1.0
2019-11-20 18:12:11.137,98.755,1.0
2019-11-20 18:12:11.145,98.755,1.0
2019-11-20 18:12:11.147,98.755,4.0
2019-11-20 18:12:11.147,98.755,2.0
2019-11-20 18:12:11.147,98.755,1.0
2019-11-20 18:12:11.147,98.755,1.0
2019-11-20 18:12:11.247,98.755,55.0
2019-11-20 18:12:11.260,98.755,5.0
2019-11-20 18:12:11.260,98.755,9.0
2019-11-20 18:12:11.307,98.755,5.0
2019-11-20 18:12:11.329,98.755,7.0
2019-11-20 18:12:11.329,98.755,10.0
2019-11-20 18:12:11.367,98.755,9.0
2019-11-20 18:12:11.400,98.755,5.0
2019-11-20 18:12:40.404,98.75,1.0
2019-11-20 18:14:17.632,,1.0
2019-11-20 18:17:02.412,98.75,2.0
2019-11-20 18:17:02.412,,10.0
2019-11-20 18:17:02.414,,2.0
2019-11-20 18:17:35.724,,1.0
2019-11-20 18:19:39.456,98.75,2.0
2019-11-20 18:22:54.002,98.75,1.0
2019-11-20 18:24:39.420,98.75,31.0
2019-11-20 18:26:10.504,98.75,13.0
2019-11-20 18:26:10.513,98.75,7.0
2019-11-20 18:26:10.514,98.75,235.0
2019-11-20 18:26:10.704,98.75,1.0
2019-11-20 18:26:10.902,98.745,1.0
2019-11-20 18:26:10.902,98.745,1.0
2019-11-20 18:26:10.902,98.745,1.0
2019-11-20 18:26:10.902,98.745,1.0
2019-11-20 18:26:11.054,98.745,1.0
2019-11-20 18:26:11.054,98.745,1.0
2019-11-20 18:26:11.054,98.745,1.0
2019-11-20 18:26:11.087,,4.0
2019-11-20 18:26:15.159,98.745,25.0
2019-11-20 18:27:51.845,,5.0
2019-11-20 18:30:01.124,98.75,83.0
2019-11-20 18:30:01.142,98.75,35.0
2019-11-20 18:30:02.242,98.75,35.0
2019-11-20 18:31:00.051,,25.0
2019-11-20 18:32:10.215,98.755,5.0
2019-11-20 18:33:19.433,98.755,5.0
2019-11-20 18:36:24.903,,2.0
2019-11-20 18:39:16.167,,15.0
2019-11-20 18:41:24.481,98.755,5.0
2019-11-20 18:46:44.260,98.75,30.0
2019-11-20 18:47:50.275,98.755,104.0
2019-11-20 18:52:15.683,98.75,14.0
2019-11-20 18:53:09.522,98.745,1.0
2019-11-20 18:53:11.699,98.745,1.0
2019-11-20 18:53:17.683,98.745,1.0
2019-11-20 18:53:47.394,98.745,32.0
2019-11-20 18:53:47.394,98.745,8.0
2019-11-20 18:53:47.592,,1.0
2019-11-20 18:54:59.609,98.745,22.0
2019-11-20 18:55:24.556,,8.0
2019-11-20 18:55:24.626,,10.0
2019-11-20 18:55:50.792,,7.0
2019-11-20 18:59:12.214,,12.0
2019-11-20 19:01:12.428,98.75,2.0
2019-11-20 19:06:08.200,,5.0
2019-11-20 19:07:58.656,,17.0
2019-11-20 19:11:42.034,,6.0
2019-11-20 19:11:48.536,,3.0
2019-11-20 19:15:01.740,98.75,24.0
2019-11-20 19:15:01.750,98.75,40.0
2019-11-20 19:16:01.082,98.75,5.0
2019-11-20 19:16:06.578,98.745,5.0
2019-11-20 19:16:06.686,98.745,5.0
2019-11-20 19:16:06.686,98.745,5.0
2019-11-20 19:17:28.323,98.745,9.0
2019-11-20 19:19:08.696,98.74,180.0
2019-11-20 19:19:08.788,98.745,13.0
2019-11-20 19:19:08.788,98.745,17.0
2019-11-20 19:19:08.808,98.745,11.0
2019-11-20 19:19:08.816,98.745,1.0
2019-11-20 19:19:08.838,98.745,1.0
2019-11-20 19:19:08.978,98.745,1.0
2019-11-20 19:22:38.603,98.745,78.0
2019-11-20 19:25:16.181,98.745,29.0
2019-11-20 19:25:16.191,98.745,13.0
2019-11-20 19:29:07.854,98.75,29.0
2019-11-20 19:29:07.872,98.75,22.0
2019-11-20 19:29:07.872,98.75,2.0
2019-11-20 19:29:07.872,98.75,22.0
2019-11-20 19:29:07.874,98.75,2.0
2019-11-20 19:29:07.882,98.75,22.0
2019-11-20 19:29:07.882,98.75,2.0
2019-11-20 19:29:07.882,98.75,22.0
2019-11-20 19:29:07.882,98.75,2.0
2019-11-20 19:38:37.679,98.75,2.0
2019-11-20 19:40:21.047,98.75,1.0
2019-11-20 19:42:41.056,98.75,1.0
2019-11-20 19:45:57.991,98.75,1.0
2019-11-20 19:47:12.597,98.75,30.0
2019-11-20 19:47:12.599,98.75,5.0
2019-11-20 19:47:14.801,,1.0
2019-11-20 19:47:14.829,,59.0
2019-11-20 19:47:14.849,,26.0
2019-11-20 19:47:22.152,,1.0
2019-11-20 19:47:22.152,,10.0
2019-11-20 19:50:18.906,98.75,3.0
2019-11-20 19:50:18.906,98.75,4.0
2019-11-20 19:50:18.915,98.75,2.0
2019-11-20 19:50:40.111,98.75,16.0
2019-11-20 19:51:48.817,98.75,1.0
2019-11-20 19:52:16.828,98.755,7.0
2019-11-20 19:53:27.423,98.75,4.0
2019-11-20 19:58:06.929,98.75,2.0
2019-11-20 20:09:42.333,98.75,2.0
2019-11-20 20:09:42.773,98.75,1.0
2019-11-20 20:09:42.773,98.75,1.0
2019-11-20 20:09:45.073,98.75,1.0
2019-11-20 20:12:24.101,98.75,6.0
2019-11-20 20:12:24.111,98.75,6.0
2019-11-20 20:15:04.850,98.75,15.0
2019-11-20 20:45:16.072,98.75,1.0
2019-11-20 20:47:54.212,98.745,1.0
2019-11-20 20:59:44.342,,1.0
2019-11-20 21:13:32.875,98.745,51.0
2019-11-20 21:15:29.776,98.74,10.0
2019-11-20 21:15:29.776,98.74,3.0
2019-11-20 21:15:36.755,,18.0
2019-11-20 21:24:04.934,98.74,200.0
2019-11-20 21:55:01.555,,1.0
2019-11-20 21:56:24.416,,9.0
2019-11-20 23:00:01.584,,11.0
2019-11-20 23:00:01.591,,5.0
2019-11-21 01:50:17.943,98.775,1.0
2019-11-21 01:50:17.945,,119.0
2019-11-21 01:50:18.145,98.775,2.0
2019-11-21 01:50:18.425,,2.0
2019-11-21 01:50:20.355,98.775,1.0
2019-11-21 01:50:22.744,98.775,1.0
2019-11-21 01:50:24.774,98.775,1.0
2019-11-21 01:50:27.435,98.775,1.0
2019-11-21 01:50:28.275,98.775,1.0
2019-11-21 01:50:29.114,,38.0
2019-11-21 01:50:29.125,,37.0
2019-11-21 01:50:35.983,98.775,1.0
2019-11-21 02:00:47.906,98.775,1.0
2019-11-21 02:00:54.095,98.775,1.0
2019-11-21 02:00:54.305,98.775,1.0
2019-11-21 02:22:16.025,,2.0
2019-11-21 02:23:39.678,,10.0
2019-11-21 02:23:39.678,,20.0
2019-11-21 02:23:39.678,,77.0
2019-11-21 02:30:53.198,98.755,10.0
2019-11-21 03:02:49.250,98.755,1.0
2019-11-21 03:10:29.240,98.755,9.0
2019-11-21 03:18:52.061,98.755,1.0
2019-11-21 03:18:52.069,98.755,1.0
2019-11-21 03:18:52.069,98.755,1.0
2019-11-21 03:18:52.069,98.755,2.0
2019-11-21 03:18:52.071,98.755,3.0
2019-11-21 03:18:52.071,98.755,2.0
2019-11-21 03:19:12.880,98.755,2.0
2019-11-21 03:19:12.890,98.755,1.0
2019-11-21 03:19:12.890,98.755,1.0
2019-11-21 03:19:25.929,98.755,2.0
2019-11-21 03:19:25.939,98.755,3.0
2019-11-21 03:20:53.991,98.755,2.0
2019-11-21 03:20:53.991,98.755,1.0
2019-11-21 03:20:53.991,98.755,1.0
2019-11-21 03:20:53.991,98.755,2.0
2019-11-21 03:43:50.249,98.75,20.0
2019-11-21 05:21:22.431,98.755,1.0
2019-11-21 05:53:16.434,98.75,2.0
2019-11-21 06:07:22.341,98.75,1.0
2019-11-21 07:00:41.879,98.75,5.0
2019-11-21 07:07:05.312,98.745,4.0
2019-11-21 07:07:48.707,,12.0
2019-11-21 07:09:04.896,98.745,1.0
2019-11-21 07:14:29.584,98.745,1.0
2019-11-21 07:14:40.403,98.745,1.0
2019-11-21 07:20:20.645,98.74,3.0
2019-11-21 07:20:55.784,,2.0
2019-11-21 07:30:37.931,98.745,3.0
2019-11-21 07:31:10.034,98.75,4.0
2019-11-21 07:31:10.044,98.75,6.0
2019-11-21 07:31:10.344,98.75,1.0
2019-11-21 07:31:10.344,98.75,1.0
2019-11-21 07:31:10.344,98.75,10.0
2019-11-21 07:31:51.596,98.745,3.0
2019-11-21 07:31:51.796,98.745,2.0
2019-11-21 07:32:37.017,98.745,3.0
2019-11-21 07:32:37.227,98.745,3.0
2019-11-21 07:40:44.573,98.745,2.0
2019-11-21 07:40:48.742,98.745,1.0
2019-11-21 07:40:49.072,98.745,2.0
2019-11-21 07:41:17.833,98.745,1.0
2019-11-21 07:42:22.544,98.745,12.0
2019-11-21 07:50:35.538,98.745,4.0
2019-11-21 07:50:35.566,98.745,1.0
2019-11-21 08:00:34.361,98.745,8.0
2019-11-21 08:00:34.600,98.745,13.0
2019-11-21 08:03:16.713,98.745,6.0
2019-11-21 08:03:16.735,98.745,87.0
2019-11-21 08:03:16.743,98.745,40.0
2019-11-21 08:28:03.905,98.745,1.0
2019-11-21 08:28:03.905,98.745,2.0
2019-11-21 08:28:03.985,98.745,37.0
2019-11-21 08:36:49.902,,60.0
2019-11-21 08:47:51.598,98.75,1.0
2019-11-21 08:47:51.611,98.75,114.0
2019-11-21 09:01:18.221,98.745,7.0
2019-11-21 09:22:05.281,,15.0
2019-11-21 09:37:38.348,98.74,21.0
2019-11-21 09:37:38.348,98.74,3.0
2019-11-21 09:37:38.350,98.74,2.0
2019-11-21 09:37:38.350,98.74,2.0
2019-11-21 09:38:31.349,98.74,3.0
2019-11-21 09:38:31.351,98.74,27.0
2019-11-21 09:39:07.633,,28.0
2019-11-21 09:40:31.744,98.74,10.0
2019-11-21 09:41:46.956,98.74,8.0
2019-11-21 09:44:03.946,98.74,5.0
2019-11-21 09:46:46.585,,10.0
2019-11-21 09:47:57.180,,2.0
2019-11-21 09:48:00.059,98.74,16.0
2019-11-21 09:48:00.071,98.74,9.0
2019-11-21 09:48:53.896,98.735,6.0
2019-11-21 09:48:53.915,98.735,7.0
2019-11-21 09:49:02.158,98.735,9.0
2019-11-21 09:51:11.297,98.735,5.0
2019-11-21 09:55:18.118,98.735,55.0
2019-11-21 09:55:20.318,98.735,21.0
2019-11-21 09:55:20.326,98.735,19.0
2019-11-21 09:55:20.326,98.735,13.0
2019-11-21 09:55:20.328,98.735,42.0
2019-11-21 10:07:20.880,98.735,4.0
2019-11-21 10:07:20.880,98.735,1.0
2019-11-21 10:07:20.892,98.735,1.0
2019-11-21 10:07:20.972,98.735,18.0
2019-11-21 10:07:54.632,98.73,14.0
2019-11-21 10:09:06.640,98.73,7.0
2019-11-21 10:09:08.630,98.73,16.0
2019-11-21 10:09:14.163,98.73,2.0
2019-11-21 10:09:48.448,98.73,11.0
2019-11-21 10:12:14.981,98.73,20.0
2019-11-21 10:12:14.981,98.73,6.0
2019-11-21 10:29:12.253,98.73,77.0
2019-11-21 10:45:54.992,,1.0
2019-11-21 10:47:01.605,,1.0
2019-11-21 10:52:54.451,98.73,1.0
2019-11-21 10:52:54.571,98.73,30.0
2019-11-21 10:52:54.581,98.73,29.0
2019-11-21 10:52:54.631,98.73,2.0
2019-11-21 10:53:30.151,98.73,240.0
2019-11-21 10:54:35.583,98.73,121.0
2019-11-21 10:54:35.591,98.73,10.0
2019-11-21 10:54:35.591,98.73,93.0
2019-11-21 10:54:35.601,98.73,4.0
2019-11-21 10:54:35.613,98.73,7.0
2019-11-21 10:54:35.613,98.73,5.0
2019-11-21 10:54:48.364,98.73,115.0
2019-11-21 10:54:48.374,98.73,106.0
2019-11-21 10:54:48.374,98.73,19.0
2019-11-21 10:54:53.183,98.73,18.0
2019-11-21 10:55:24.195,98.73,3.0
2019-11-21 10:55:24.203,98.73,6.0
2019-11-21 10:55:24.203,98.73,5.0
2019-11-21 10:55:24.203,98.73,3.0
2019-11-21 10:55:24.203,98.73,2.0
2019-11-21 10:55:24.203,98.73,1.0
2019-11-21 10:55:24.203,98.73,3.0
2019-11-21 10:55:24.203,98.73,1.0
2019-11-21 10:55:24.203,98.73,6.0
2019-11-21 10:55:24.203,98.73,4.0
2019-11-21 10:55:24.203,98.73,8.0
2019-11-21 10:55:24.203,98.73,16.0
2019-11-21 10:55:24.203,98.73,5.0
2019-11-21 10:55:24.203,98.73,1.0
2019-11-21 11:01:49.706,98.735,76.0
2019-11-21 11:01:49.726,98.735,5.0
2019-11-21 11:01:49.734,98.735,1.0
2019-11-21 11:01:49.734,98.735,16.0
2019-11-21 11:01:49.744,98.735,17.0
2019-11-21 11:01:49.816,98.735,5.0
2019-11-21 11:01:49.834,98.735,22.0
2019-11-21 11:01:49.946,98.735,22.0
2019-11-21 11:01:49.946,98.735,22.0
2019-11-21 11:01:49.956,98.735,22.0
2019-11-21 11:01:50.004,98.735,11.0
2019-11-21 11:04:03.983,98.735,21.0
2019-11-21 11:12:50.417,98.735,8.0
2019-11-21 11:12:50.427,98.735,35.0
2019-11-21 11:12:50.437,98.735,4.0
2019-11-21 11:15:41.046,98.735,10.0
2019-11-21 11:15:50.626,98.735,10.0
2019-11-21 11:18:26.956,98.735,10.0
2019-11-21 12:00:31.418,,1.0
2019-11-21 12:00:31.418,,1.0
2019-11-21 12:00:31.558,,1.0
2019-11-21 12:00:40.189,98.735,42.0
2019-11-21 12:01:18.386,98.735,10.0
2019-11-21 12:02:45.439,98.735,2.0
2019-11-21 12:02:59.569,98.735,4.0
2019-11-21 12:04:14.675,,15.0
2019-11-21 12:07:35.314,98.735,1.0
2019-11-21 12:09:41.882,98.735,16.0
2019-11-21 12:09:41.902,98.735,11.0
2019-11-21 12:09:41.932,98.735,10.0
2019-11-21 12:16:45.654,98.735,27.0
2019-11-21 12:16:45.654,98.735,13.0
2019-11-21 12:16:53.254,98.735,4.0
2019-11-21 12:17:17.501,98.735,2.0
2019-11-21 12:32:42.284,98.735,3.0
2019-11-21 12:35:30.498,98.735,1.0
2019-11-21 12:40:04.812,98.73,8.0
2019-11-21 12:40:05.312,98.73,1.0
2019-11-21 12:40:05.342,98.73,7.0
2019-11-21 12:40:10.843,98.73,14.0
2019-11-21 12:40:11.343,98.73,1.0
2019-11-21 12:40:11.363,98.73,1.0
2019-11-21 12:40:11.863,98.73,7.0
2019-11-21 12:40:12.343,98.73,7.0
2019-11-21 12:40:12.853,98.73,7.0
2019-11-21 12:40:13.852,98.73,1.0
2019-11-21 12:40:22.382,98.73,2.0
2019-11-21 12:40:22.882,98.73,1.0
2019-11-21 12:42:47.204,98.73,4.0
2019-11-21 12:43:12.776,98.73,71.0
2019-11-21 12:43:24.416,98.735,10.0
2019-11-21 12:45:41.510,98.735,1.0
2019-11-21 12:45:41.520,98.735,2.0
2019-11-21 12:45:42.660,98.735,14.0
2019-11-21 12:45:43.160,98.735,13.0
2019-11-21 12:48:24.522,98.735,13.0
2019-11-21 12:48:25.034,98.735,1.0
2019-11-21 12:48:26.033,98.735,6.0
2019-11-21 12:52:14.682,98.735,6.0
2019-11-21 12:55:43.474,98.735,15.0
2019-11-21 12:55:53.515,98.735,1.0
2019-11-21 12:56:16.913,98.735,3.0
2019-11-21 12:58:18.233,98.735,8.0
2019-11-21 12:58:18.733,98.735,1.0
2019-11-21 12:58:22.762,98.735,3.0
2019-11-21 12:58:41.840,98.735,7.0
2019-11-21 12:58:47.353,98.735,7.0
2019-11-21 13:02:08.458,98.735,4.0
2019-11-21 13:06:06.072,98.735,13.0
2019-11-21 13:06:17.102,98.735,3.0
2019-11-21 13:06:20.122,98.735,14.0
2019-11-21 13:06:20.142,98.735,13.0
2019-11-21 13:06:20.622,98.735,1.0
2019-11-21 13:06:22.642,98.735,9.0
2019-11-21 13:07:28.741,98.73,7.0
2019-11-21 13:07:28.741,98.73,35.0
2019-11-21 13:07:28.754,98.73,5.0
2019-11-21 13:07:28.754,98.73,2.0
2019-11-21 13:07:28.764,98.73,2.0
2019-11-21 13:07:28.769,98.73,1.0
2019-11-21 13:07:28.769,98.73,1.0
2019-11-21 13:07:28.769,98.73,1.0
2019-11-21 13:07:28.769,98.73,4.0
2019-11-21 13:07:28.772,98.73,13.0
2019-11-21 13:07:28.772,98.73,5.0
2019-11-21 13:07:28.821,98.73,4.0
2019-11-21 13:07:28.821,98.73,2.0
2019-11-21 13:07:28.821,98.73,1.0
2019-11-21 13:07:28.834,98.73,1.0
2019-11-21 13:07:28.924,98.73,21.0
2019-11-21 13:07:29.134,98.73,33.0
2019-11-21 13:07:30.291,98.73,1.0
2019-11-21 13:07:30.365,98.73,5.0
2019-11-21 13:07:30.575,98.73,24.0
2019-11-21 13:07:31.405,98.73,9.0
2019-11-21 13:07:31.545,98.73,5.0
2019-11-21 13:07:31.645,98.73,1.0
2019-11-21 13:07:31.645,98.73,1.0
2019-11-21 13:07:31.645,98.73,1.0
2019-11-21 13:07:31.756,98.73,5.0
2019-11-21 13:07:33.034,98.73,5.0
2019-11-21 13:07:33.378,98.73,5.0
2019-11-21 13:07:34.815,98.73,1.0
2019-11-21 13:08:07.778,98.725,1.0
2019-11-21 13:08:07.786,98.725,19.0
2019-11-21 13:08:07.786,98.725,2.0
2019-11-21 13:08:07.788,98.725,1.0
2019-11-21 13:08:07.788,98.725,1.0
2019-11-21 13:08:17.634,98.725,5.0
2019-11-21 13:08:26.714,98.725,2.0
2019-11-21 13:08:28.474,98.725,5.0
2019-11-21 13:09:34.458,98.725,5.0
2019-11-21 13:11:10.592,98.725,5.0
2019-11-21 13:11:17.041,,30.0
2019-11-21 13:11:58.360,,10.0
2019-11-21 13:13:00.831,98.72,2.0
2019-11-21 13:13:02.103,98.72,3.0
2019-11-21 13:13:28.631,98.72,5.0
2019-11-21 13:15:12.202,98.72,1.0
2019-11-21 13:15:12.210,98.72,5.0
2019-11-21 13:15:13.482,98.72,5.0
2019-11-21 13:15:24.381,98.72,3.0
2019-11-21 13:15:46.491,98.72,3.0
2019-11-21 13:17:05.770,,1.0
2019-11-21 13:17:05.770,,1.0
2019-11-21 13:18:04.560,,1.0
2019-11-21 13:18:49.892,98.725,5.0
2019-11-21 13:25:01.729,98.73,5.0
2019-11-21 13:25:01.739,98.73,11.0
2019-11-21 13:29:08.310,98.725,1.0
2019-11-21 13:30:48.644,98.73,60.0
2019-11-21 13:30:48.764,98.73,16.0
2019-11-21 13:30:49.104,98.73,2.0
2019-11-21 13:30:52.194,98.73,2.0
2019-11-21 13:31:03.943,98.73,12.0
2019-11-21 13:31:08.866,98.725,3.0
2019-11-21 13:31:10.191,98.73,2.0
2019-11-21 13:31:10.553,98.73,1.0
2019-11-21 13:31:14.104,98.73,1.0
2019-11-21 13:32:58.784,98.73,6.0
2019-11-21 13:33:10.564,98.73,2.0
2019-11-21 13:34:32.223,98.73,9.0
2019-11-21 13:34:32.223,98.73,9.0
2019-11-21 13:34:32.223,98.73,4.0
2019-11-21 13:36:50.052,98.73,1.0
2019-11-21 13:36:50.063,98.73,1.0
2019-11-21 13:36:50.213,98.73,12.0
2019-11-21 13:36:50.213,98.73,1.0
2019-11-21 13:37:02.213,98.73,5.0
2019-11-21 13:37:04.914,98.73,1.0
2019-11-21 13:37:04.914,98.73,2.0
2019-11-21 13:37:04.914,98.73,5.0
2019-11-21 13:37:09.085,98.73,1.0
2019-11-21 13:37:20.374,,10.0
2019-11-21 13:39:17.104,98.73,5.0
2019-11-21 13:44:26.814,98.73,2.0
2019-11-21 13:48:43.567,,3.0
2019-11-21 13:48:43.567,,3.0
2019-11-21 13:54:44.775,98.73,5.0
2019-11-21 13:56:08.209,98.73,1.0
2019-11-21 13:57:51.591,,1.0
2019-11-21 13:59:05.164,,1.0
2019-11-21 14:04:45.101,98.73,1.0
2019-11-21 14:05:37.022,98.73,1.0
2019-11-21 14:06:08.582,98.73,5.0
2019-11-21 14:06:46.686,,1.0
2019-11-21 14:11:33.264,98.73,5.0
2019-11-21 14:11:41.425,98.73,19.0
2019-11-21 14:13:18.487,98.725,2.0
2019-11-21 14:13:27.838,98.725,1.0
2019-11-21 14:16:17.093,98.72,1.0
2019-11-21 14:16:17.093,98.72,1.0
2019-11-21 14:16:44.254,98.725,1.0
2019-11-21 14:16:44.254,98.725,5.0
2019-11-21 14:16:44.256,98.725,12.0
2019-11-21 14:16:44.256,98.725,4.0
2019-11-21 14:16:44.736,98.725,2.0
2019-11-21 14:16:47.675,98.725,12.0
2019-11-21 14:16:53.286,98.725,2.0
2019-11-21 14:21:10.995,98.72,5.0
2019-11-21 14:26:29.464,98.72,15.0
2019-11-21 14:30:33.790,98.72,5.0
2019-11-21 14:30:34.441,98.72,5.0
2019-11-21 14:31:45.047,98.72,5.0
2019-11-21 14:31:57.241,98.72,5.0
2019-11-21 14:32:01.872,98.72,5.0
2019-11-21 14:37:19.680,98.72,5.0
2019-11-21 14:38:17.706,98.72,5.0
2019-11-21 14:38:17.728,98.72,35.0
2019-11-21 14:38:17.808,98.72,1.0
2019-11-21 14:44:26.497,98.725,1.0
2019-11-21 14:46:24.638,98.72,13.0
2019-11-21 14:46:25.139,98.72,1.0
2019-11-21 14:46:25.649,98.72,9.0
2019-11-21 14:46:28.159,98.72,5.0
2019-11-21 14:46:31.678,98.72,1.0
2019-11-21 14:46:31.770,98.72,3.0
2019-11-21 14:46:32.298,98.72,10.0
2019-11-21 14:46:52.566,98.72,5.0
2019-11-21 14:46:52.648,98.72,1.0
2019-11-21 14:46:52.770,98.72,2.0
2019-11-21 14:47:02.305,98.72,3.0
2019-11-21 14:47:21.406,98.72,6.0
2019-11-21 15:10:57.219,98.72,4.0
2019-11-21 15:10:57.219,98.72,2.0
2019-11-21 15:12:52.787,98.72,5.0
2019-11-21 15:16:50.662,98.72,5.0
2019-11-21 15:19:56.381,98.725,11.0
2019-11-21 15:20:05.800,98.725,4.0
2019-11-21 15:20:05.868,98.725,11.0
2019-11-21 15:21:10.034,98.73,10.0
2019-11-21 15:22:18.637,98.73,5.0
2019-11-21 15:22:18.647,98.73,32.0
2019-11-21 15:22:18.657,98.73,5.0
2019-11-21 15:22:20.878,98.73,5.0
2019-11-21 15:22:20.886,98.73,14.0
2019-11-21 15:22:20.888,98.73,1.0
2019-11-21 15:22:21.149,98.73,5.0
2019-11-21 15:22:30.537,98.73,11.0
2019-11-21 15:22:33.067,98.73,5.0
2019-11-21 15:22:40.218,98.735,2.0
2019-11-21 15:22:48.402,98.735,2.0
2019-11-21 15:22:48.732,98.735,2.0
2019-11-21 15:22:48.854,98.735,2.0
2019-11-21 15:22:49.076,98.735,2.0
2019-11-21 15:22:49.176,98.735,1.0
2019-11-21 15:22:53.476,98.735,1.0
2019-11-21 15:23:04.493,98.735,45.0
2019-11-21 15:23:06.233,98.73,2.0
2019-11-21 15:23:07.747,98.73,1.0
2019-11-21 15:23:09.277,98.73,1.0
2019-11-21 15:23:53.701,,9.0
2019-11-21 15:23:53.714,,1.0
2019-11-21 15:24:11.604,98.735,1.0
2019-11-21 15:24:11.614,98.735,2.0
2019-11-21 15:25:36.294,98.735,50.0
2019-11-21 15:25:36.301,98.735,6.0
2019-11-21 15:25:36.301,98.735,7.0
2019-11-21 15:25:36.311,98.735,5.0
2019-11-21 15:25:36.862,98.735,5.0
2019-11-21 15:27:19.357,98.73,4.0
2019-11-21 15:27:19.400,98.73,1.0
2019-11-21 15:27:19.400,98.73,2.0
2019-11-21 15:27:19.406,98.73,3.0
2019-11-21 15:27:29.392,98.73,10.0
2019-11-21 15:31:07.573,98.73,3.0
2019-11-21 15:33:34.605,98.735,1.0
2019-11-21 15:41:46.281,98.735,6.0
2019-11-21 15:41:46.284,98.735,1.0
2019-11-21 15:44:25.463,98.735,1.0
2019-11-21 15:50:08.643,98.735,1.0
2019-11-21 15:50:08.653,98.735,44.0
2019-11-21 15:51:01.437,,1.0
2019-11-21 15:51:01.437,,26.0
2019-11-21 15:56:25.293,98.735,2.0
2019-11-21 16:04:44.315,98.73,5.0
2019-11-21 16:05:35.021,98.73,1.0
2019-11-21 16:05:35.029,98.73,7.0
2019-11-21 16:05:35.029,98.73,7.0
2019-11-21 16:05:35.039,98.73,3.0
2019-11-21 16:11:03.065,,10.0
2019-11-21 16:11:37.734,,5.0
2019-11-21 16:12:06.644,,5.0
2019-11-21 16:13:21.710,98.735,6.0
2019-11-21 16:13:22.087,98.735,1.0
2019-11-21 16:13:22.087,98.735,13.0
2019-11-21 16:13:22.147,98.735,4.0
2019-11-21 16:14:10.778,98.735,5.0
2019-11-21 16:14:10.786,98.735,8.0
2019-11-21 16:14:11.116,98.735,6.0
2019-11-21 16:14:11.605,98.74,6.0
2019-11-21 16:14:27.008,98.735,5.0
2019-11-21 16:14:28.173,98.735,2.0
2019-11-21 16:15:39.504,,2.0
2019-11-21 16:17:18.734,98.735,1.0
2019-11-21 16:18:35.699,98.735,12.0
2019-11-21 16:22:01.286,98.73,14.0
2019-11-21 16:22:02.296,98.73,1.0
2019-11-21 16:22:26.624,98.73,1.0
2019-11-21 16:28:48.780,98.73,4.0
2019-11-21 16:31:31.046,98.73,6.0
2019-11-21 16:42:53.942,98.735,5.0
2019-11-21 16:49:20.214,98.73,3.0
2019-11-21 16:50:12.552,98.73,3.0
2019-11-21 16:50:14.731,98.73,3.0
2019-11-21 16:50:38.848,98.73,1.0
2019-11-21 16:50:40.358,98.73,14.0
2019-11-21 16:50:51.530,98.73,1.0
2019-11-21 16:51:09.094,98.73,10.0
2019-11-21 16:51:22.258,98.73,2.0
2019-11-21 16:51:43.029,98.73,10.0
2019-11-21 16:51:44.091,98.73,5.0
2019-11-21 16:51:46.112,98.73,1.0
2019-11-21 16:51:46.483,98.73,80.0
2019-11-21 16:51:47.833,98.73,59.0
2019-11-21 16:57:26.875,98.73,9.0
2019-11-21 16:57:26.895,98.73,17.0
2019-11-21 16:57:26.906,98.73,1.0
2019-11-21 16:57:27.193,98.73,2.0
2019-11-21 16:57:29.824,98.73,1.0
2019-11-21 16:57:29.824,98.725,1.0
2019-11-21 16:57:32.244,98.73,1.0
2019-11-21 16:57:32.244,98.725,11.0
2019-11-21 16:59:42.963,98.73,5.0
2019-11-21 17:11:25.140,98.73,10.0
2019-11-21 17:22:41.295,98.725,2.0
2019-11-21 17:35:43.680,98.73,18.0
2019-11-21 17:35:44.209,98.73,12.0
2019-11-21 17:35:51.220,98.73,14.0
2019-11-21 17:36:04.578,98.73,5.0
2019-11-21 17:36:04.588,98.73,1.0
2019-11-21 17:36:14.851,98.73,1.0
2019-11-21 17:36:48.518,98.73,1.0
2019-11-21 17:36:55.006,98.73,5.0
2019-11-21 17:36:55.506,98.73,8.0
2019-11-21 17:36:56.006,98.73,14.0
2019-11-21 17:36:56.026,98.73,1.0
2019-11-21 17:36:56.516,98.73,1.0
2019-11-21 17:36:56.546,98.73,14.0
2019-11-21 17:36:56.556,98.73,10.0
2019-11-21 17:36:56.565,98.73,5.0
2019-11-21 17:38:31.410,98.73,1.0
2019-11-21 17:38:31.442,98.73,5.0
2019-11-21 17:38:50.542,98.73,5.0
2019-11-21 17:42:19.754,98.73,11.0
2019-11-21 17:43:31.616,98.73,2.0
2019-11-21 17:43:31.616,98.73,2.0
2019-11-21 17:57:55.358,98.725,1.0
2019-11-21 17:58:26.525,98.725,1.0
2019-11-21 17:58:28.515,98.725,33.0
2019-11-21 17:58:28.585,98.725,1.0
2019-11-21 17:58:28.655,98.725,8.0
2019-11-21 17:58:28.655,98.725,2.0
2019-11-21 17:58:28.665,98.725,2.0
2019-11-21 17:58:32.285,98.72,14.0
2019-11-21 17:59:22.797,98.725,5.0
2019-11-21 17:59:22.839,98.725,9.0
2019-11-21 17:59:22.839,98.725,1.0
2019-11-21 17:59:22.942,98.725,70.0
2019-11-21 17:59:42.120,98.725,5.0
2019-11-21 18:00:00.541,98.725,5.0
2019-11-21 18:00:49.178,98.725,5.0
2019-11-21 18:01:50.793,98.725,5.0
2019-11-21 18:01:50.823,98.725,5.0
2019-11-21 18:03:46.899,98.725,4.0
2019-11-21 18:07:04.244,98.725,5.0
2019-11-21 18:07:06.894,98.725,3.0
2019-11-21 18:10:59.946,98.725,3.0
2019-11-21 18:12:17.222,98.725,2.0
2019-11-21 18:19:52.948,98.72,5.0
2019-11-21 18:20:28.733,98.72,10.0
2019-11-21 18:38:36.502,98.72,1.0
2019-11-21 18:38:36.502,98.72,5.0
2019-11-21 18:38:36.532,98.72,2.0
2019-11-21 18:38:36.622,98.72,8.0
2019-11-21 18:38:37.132,98.715,1.0
2019-11-21 18:41:25.637,98.72,3.0
2019-11-21 18:41:25.637,98.72,4.0
2019-11-21 18:41:27.490,98.715,10.0
2019-11-21 18:41:33.547,98.72,7.0
2019-11-21 18:50:59.935,98.72,7.0
2019-11-21 18:52:19.621,98.72,2.0
2019-11-21 19:00:48.520,98.725,2.0
2019-11-21 19:01:08.860,98.725,45.0
2019-11-21 19:01:08.891,98.725,5.0
2019-11-21 19:04:24.993,98.725,3.0
2019-11-21 19:06:22.774,,7.0
2019-11-21 19:07:52.768,98.725,15.0
2019-11-21 19:12:48.599,98.725,90.0
2019-11-21 19:28:41.834,98.725,1.0
2019-11-21 19:35:17.777,98.725,2.0
2019-11-21 19:35:18.009,98.72,1.0
2019-11-21 19:44:40.052,98.725,1.0
2019-11-21 19:44:40.052,98.725,1.0
2019-11-21 19:44:40.122,98.725,1.0
2019-11-21 19:45:15.012,98.725,5.0
2019-11-21 19:45:15.021,98.725,6.0
2019-11-21 19:45:15.502,98.725,1.0
2019-11-21 19:45:20.205,98.725,10.0
2019-11-21 19:45:23.012,98.725,1.0
2019-11-21 19:45:24.622,98.725,1.0
2019-11-21 19:45:27.700,98.725,3.0
2019-11-21 19:45:29.842,98.72,1.0
2019-11-21 19:51:58.531,98.725,8.0
2019-11-21 19:55:13.317,98.725,25.0
2019-11-21 19:55:13.358,98.725,6.0
2019-11-21 19:59:05.674,98.725,16.0
2019-11-21 19:59:05.704,98.725,3.0
2019-11-21 19:59:05.723,98.725,5.0
2019-11-21 19:59:06.244,98.725,7.0
2019-11-21 19:59:06.254,98.725,1.0
2019-11-21 20:00:45.290,98.725,12.0
2019-11-21 20:02:29.910,98.725,23.0
2019-11-21 20:04:54.546,98.725,5.0
2019-11-21 20:07:56.324,98.725,14.0
2019-11-21 20:08:14.820,98.725,14.0
2019-11-21 20:08:14.830,98.725,17.0
2019-11-21 20:08:19.747,98.725,10.0
2019-11-21 20:12:10.444,98.725,7.0
2019-11-21 20:23:34.788,,3.0
