Date,VALUE,VOLUME
2019-11-14 07:18:18.359,98.68,7.0
2019-11-14 07:32:12.574,98.68,5.0
2019-11-14 08:02:20.260,98.68,92.0
2019-11-14 08:34:15.982,98.69,3.0
2019-11-14 08:34:16.072,98.69,21.0
2019-11-14 08:35:26.392,98.69,2.0
2019-11-14 08:35:34.199,98.69,1.0
2019-11-14 08:35:34.199,98.69,1.0
2019-11-14 08:35:34.199,98.69,4.0
2019-11-14 08:35:34.199,98.69,2.0
2019-11-14 08:35:34.199,98.69,9.0
2019-11-14 08:35:34.209,98.69,2.0
2019-11-14 08:35:34.301,98.69,5.0
2019-11-14 08:35:38.271,98.69,17.0
2019-11-14 08:35:45.531,98.69,28.0
2019-11-14 08:35:45.541,98.69,19.0
2019-11-14 08:56:44.477,98.69,2.0
2019-11-14 08:56:44.477,98.69,9.0
2019-11-14 09:29:38.017,,1.0
2019-11-14 09:29:42.196,,1.0
2019-11-14 09:29:47.165,,2.0
2019-11-14 09:29:59.134,,1.0
2019-11-14 10:04:49.817,,5.0
2019-11-14 10:06:30.497,98.685,1.0
2019-11-14 10:44:31.820,98.68,80.0
2019-11-14 10:44:31.861,98.68,18.0
2019-11-14 11:31:12.916,98.685,2.0
2019-11-14 11:31:12.916,98.685,9.0
2019-11-14 11:31:13.026,98.685,28.0
2019-11-14 11:31:27.074,98.685,9.0
2019-11-14 11:49:44.341,98.685,22.0
2019-11-14 11:49:44.351,98.685,3.0
2019-11-14 12:07:32.808,98.685,2.0
2019-11-14 12:39:11.137,98.69,22.0
2019-11-14 12:39:11.139,98.69,13.0
2019-11-14 12:45:31.165,98.695,34.0
2019-11-14 12:45:31.175,98.695,22.0
2019-11-14 12:45:31.284,98.695,27.0
2019-11-14 12:55:37.049,98.695,7.0
2019-11-14 13:08:58.828,98.69,3.0
2019-11-14 13:18:47.572,98.685,5.0
2019-11-14 13:18:47.594,98.685,23.0
2019-11-14 13:18:49.244,98.68,2.0
2019-11-14 13:18:58.711,98.685,24.0
2019-11-14 13:23:48.159,98.69,5.0
2019-11-14 13:37:04.756,98.69,9.0
2019-11-14 13:38:30.228,98.69,5.0
2019-11-14 13:38:30.521,98.69,1.0
2019-11-14 13:41:16.002,98.69,5.0
2019-11-14 13:41:16.022,98.69,5.0
2019-11-14 13:53:01.454,98.695,5.0
2019-11-14 13:53:32.241,98.695,4.0
2019-11-14 13:53:38.561,98.695,44.0
2019-11-14 13:53:38.581,98.695,5.0
2019-11-14 13:57:42.170,,6.0
2019-11-14 14:02:33.293,98.695,5.0
2019-11-14 14:09:35.364,98.695,4.0
2019-11-14 14:09:35.382,98.695,2.0
2019-11-14 14:21:00.775,98.7,5.0
2019-11-14 14:32:57.420,98.7,1.0
2019-11-14 14:33:11.670,98.7,1.0
2019-11-14 14:35:36.256,98.7,34.0
2019-11-14 14:35:36.266,98.7,26.0
2019-11-14 14:35:36.276,98.7,56.0
2019-11-14 14:35:36.387,98.7,4.0
2019-11-14 14:40:31.424,98.705,10.0
2019-11-14 14:40:31.424,98.705,5.0
2019-11-14 14:40:31.424,98.705,5.0
2019-11-14 14:40:31.524,98.705,4.0
2019-11-14 14:41:32.348,98.705,1.0
2019-11-14 14:41:32.356,98.705,4.0
2019-11-14 14:42:14.032,98.705,2.0
2019-11-14 14:43:18.728,98.705,34.0
2019-11-14 14:43:18.796,98.705,5.0
2019-11-14 14:47:39.040,98.705,100.0
2019-11-14 15:08:09.787,98.7,10.0
2019-11-14 15:08:09.795,98.7,5.0
2019-11-14 15:08:09.795,98.7,1.0
2019-11-14 15:08:09.807,98.7,6.0
2019-11-14 15:08:09.815,98.7,5.0
2019-11-14 15:08:09.815,98.7,5.0
2019-11-14 15:08:09.838,98.7,1.0
2019-11-14 15:08:09.885,98.7,1.0
2019-11-14 15:08:09.887,98.7,8.0
2019-11-14 15:08:09.947,98.7,9.0
2019-11-14 15:08:09.955,98.7,2.0
2019-11-14 15:08:09.995,98.7,3.0
2019-11-14 15:08:10.028,98.7,8.0
2019-11-14 15:08:10.058,98.7,34.0
2019-11-14 15:08:16.037,98.7,19.0
2019-11-14 15:08:53.591,98.705,1.0
2019-11-14 15:08:53.611,98.705,3.0
2019-11-14 15:08:53.618,98.705,3.0
2019-11-14 15:08:53.618,98.705,2.0
2019-11-14 15:08:53.618,98.705,1.0
2019-11-14 15:08:53.618,98.705,2.0
2019-11-14 15:08:53.618,98.705,2.0
2019-11-14 15:08:53.618,98.705,1.0
2019-11-14 15:08:53.620,98.705,1.0
2019-11-14 15:08:53.620,98.705,1.0
2019-11-14 15:08:53.630,98.705,2.0
2019-11-14 15:08:53.668,98.705,1.0
2019-11-14 15:08:53.678,98.705,4.0
2019-11-14 15:08:53.678,98.705,1.0
2019-11-14 15:08:53.680,98.705,3.0
2019-11-14 15:11:34.250,98.705,5.0
2019-11-14 15:11:45.260,98.705,1.0
2019-11-14 15:17:18.598,98.705,10.0
2019-11-14 15:36:29.320,98.705,207.0
2019-11-14 15:49:43.143,,4.0
2019-11-14 15:55:39.102,98.705,1.0
2019-11-14 15:55:42.270,98.705,1.0
2019-11-14 15:55:46.839,98.705,1.0
2019-11-14 15:55:46.997,98.705,1.0
2019-11-14 15:55:47.007,98.705,3.0
2019-11-14 15:55:56.751,,2.0
2019-11-14 15:56:49.635,98.705,5.0
2019-11-14 15:57:49.671,98.705,5.0
2019-11-14 15:58:00.526,98.705,12.0
2019-11-14 15:58:10.834,98.705,1.0
2019-11-14 15:58:25.037,98.705,4.0
2019-11-14 15:59:26.097,,30.0
2019-11-14 15:59:26.107,98.705,5.0
2019-11-14 15:59:26.115,98.705,22.0
2019-11-14 16:00:00.760,98.705,1.0
2019-11-14 16:00:00.767,98.705,2.0
2019-11-14 16:00:00.769,98.705,2.0
2019-11-14 16:00:00.769,98.705,2.0
2019-11-14 16:00:00.769,98.705,1.0
2019-11-14 16:00:00.769,98.705,28.0
2019-11-14 16:00:00.789,98.705,5.0
2019-11-14 16:00:10.630,98.705,5.0
2019-11-14 16:00:10.640,,5.0
2019-11-14 16:00:29.699,,1.0
2019-11-14 16:00:29.699,,1.0
2019-11-14 16:00:29.699,,1.0
2019-11-14 16:00:29.699,,1.0
2019-11-14 16:00:43.181,,4.0
2019-11-14 16:00:43.321,98.71,3.0
2019-11-14 16:00:43.331,,14.0
2019-11-14 16:02:53.184,98.71,1.0
2019-11-14 16:02:53.184,98.71,2.0
2019-11-14 16:02:53.184,98.71,16.0
2019-11-14 16:02:53.195,,33.0
2019-11-14 16:02:53.234,98.71,10.0
2019-11-14 16:03:16.317,98.71,21.0
2019-11-14 16:03:16.325,98.71,6.0
2019-11-14 16:03:16.325,98.71,7.0
2019-11-14 16:03:16.325,98.71,5.0
2019-11-14 16:03:16.325,98.71,2.0
2019-11-14 16:03:16.325,98.71,5.0
2019-11-14 16:03:16.325,98.71,3.0
2019-11-14 16:03:16.325,98.71,2.0
2019-11-14 16:03:16.325,98.71,1.0
2019-11-14 16:03:16.327,98.71,5.0
2019-11-14 16:03:16.327,98.71,1.0
2019-11-14 16:03:16.327,98.71,4.0
2019-11-14 16:03:30.011,98.71,5.0
2019-11-14 16:03:30.029,98.71,38.0
2019-11-14 16:03:30.041,98.71,5.0
2019-11-14 16:03:32.050,98.71,13.0
2019-11-14 16:03:49.863,98.71,5.0
2019-11-14 16:03:49.863,98.71,2.0
2019-11-14 16:08:21.701,98.71,1.0
2019-11-14 16:11:06.350,98.71,4.0
2019-11-14 16:11:06.350,98.71,1.0
2019-11-14 16:11:21.481,,6.0
2019-11-14 16:12:58.171,,1.0
2019-11-14 16:32:43.901,98.715,22.0
2019-11-14 16:32:44.012,98.715,34.0
2019-11-14 16:40:12.161,98.715,4.0
2019-11-14 16:40:52.930,98.715,2.0
2019-11-14 16:41:54.700,98.715,5.0
2019-11-14 16:43:04.817,98.72,5.0
2019-11-14 16:43:54.836,98.72,5.0
2019-11-14 16:44:06.196,98.72,72.0
2019-11-14 16:44:41.300,98.72,5.0
2019-11-14 16:48:19.753,98.72,5.0
2019-11-14 16:54:47.134,98.72,5.0
2019-11-14 17:08:39.334,98.715,10.0
2019-11-14 17:09:17.055,98.715,2.0
2019-11-14 17:10:05.699,98.715,3.0
2019-11-14 17:24:25.192,98.715,5.0
2019-11-14 17:24:25.192,98.715,1.0
2019-11-14 17:24:25.294,98.715,24.0
2019-11-14 17:24:31.392,98.715,6.0
2019-11-14 17:24:32.031,98.715,4.0
2019-11-14 17:44:52.949,,3.0
2019-11-14 17:44:52.949,,3.0
2019-11-14 17:44:52.949,,3.0
2019-11-14 17:44:52.949,,2.0
2019-11-14 17:44:52.949,,1.0
2019-11-14 17:44:52.951,,1.0
2019-11-14 17:44:52.951,,1.0
2019-11-14 17:44:52.951,,1.0
2019-11-14 17:52:45.507,98.715,4.0
2019-11-14 17:52:45.518,98.715,10.0
2019-11-14 17:52:45.526,98.715,3.0
2019-11-14 17:53:21.946,98.715,158.0
2019-11-14 17:54:05.941,98.715,1.0
2019-11-14 17:54:05.941,98.715,4.0
2019-11-14 17:56:28.991,98.715,35.0
2019-11-14 18:13:36.481,98.71,50.0
2019-11-14 18:19:02.420,98.715,25.0
2019-11-14 18:19:35.827,98.715,1.0
2019-11-14 18:19:35.859,98.715,27.0
2019-11-14 18:31:41.349,,1.0
2019-11-14 18:32:29.827,98.715,1.0
2019-11-14 18:32:29.859,98.715,5.0
2019-11-14 18:38:09.369,,10.0
2019-11-14 18:56:16.821,98.715,4.0
2019-11-14 18:57:55.959,98.715,66.0
2019-11-14 18:57:56.261,98.72,22.0
2019-11-14 18:57:56.460,98.72,5.0
2019-11-14 18:57:56.517,98.72,2.0
2019-11-14 18:57:56.517,98.72,1.0
2019-11-14 18:57:56.517,98.72,2.0
2019-11-14 18:57:56.520,98.72,1.0
2019-11-14 18:57:56.520,98.72,1.0
2019-11-14 18:57:56.530,98.72,1.0
2019-11-14 18:57:56.530,98.72,3.0
2019-11-14 18:57:56.530,98.72,2.0
2019-11-14 18:57:56.530,98.72,1.0
2019-11-14 18:57:56.530,98.72,1.0
2019-11-14 18:57:56.530,98.72,1.0
2019-11-14 18:57:56.530,98.72,1.0
2019-11-14 18:57:56.530,98.72,1.0
2019-11-14 18:57:56.530,98.72,1.0
2019-11-14 18:57:56.538,98.72,1.0
2019-11-14 18:57:56.538,98.72,2.0
2019-11-14 18:57:56.538,98.72,1.0
2019-11-14 18:57:56.539,98.72,1.0
2019-11-14 18:57:56.539,98.72,3.0
2019-11-14 18:57:56.540,98.72,5.0
2019-11-14 18:57:56.540,98.72,1.0
2019-11-14 18:57:56.540,98.72,1.0
2019-11-14 18:57:56.540,98.72,5.0
2019-11-14 18:57:56.548,98.72,1.0
2019-11-14 18:57:56.548,98.72,1.0
2019-11-14 18:57:56.549,98.72,1.0
2019-11-14 18:57:56.549,98.72,6.0
2019-11-14 18:57:56.549,98.72,1.0
2019-11-14 18:57:56.549,98.72,1.0
2019-11-14 18:57:56.550,98.72,4.0
2019-11-14 18:57:56.558,98.72,3.0
2019-11-14 18:57:56.559,98.72,3.0
2019-11-14 18:57:56.559,98.72,2.0
2019-11-14 18:57:56.559,98.72,1.0
2019-11-14 18:57:56.560,98.725,34.0
2019-11-14 18:57:56.560,98.725,23.0
2019-11-14 18:57:56.560,98.725,2.0
2019-11-14 18:57:56.560,98.725,18.0
2019-11-14 18:57:57.060,98.72,5.0
2019-11-14 18:57:57.080,,1.0
2019-11-14 18:57:57.678,,1.0
2019-11-14 18:57:57.920,98.72,10.0
2019-11-14 18:57:58.079,98.72,10.0
2019-11-14 18:57:58.079,98.72,5.0
2019-11-14 18:58:33.367,98.72,10.0
2019-11-14 18:58:33.417,98.72,1.0
2019-11-14 18:58:37.397,98.72,6.0
2019-11-14 18:58:38.045,98.72,2.0
2019-11-14 18:58:38.058,98.72,20.0
2019-11-14 18:59:12.040,98.72,5.0
2019-11-14 19:08:51.552,98.71,1.0
2019-11-14 19:09:12.958,98.71,1.0
2019-11-14 19:09:33.237,98.71,23.0
2019-11-14 19:17:48.321,98.71,3.0
2019-11-14 19:17:48.329,98.71,2.0
2019-11-14 19:17:48.329,98.71,1.0
2019-11-14 19:17:48.329,98.71,2.0
2019-11-14 19:17:48.329,98.71,2.0
2019-11-14 19:17:48.329,98.71,1.0
2019-11-14 19:17:48.329,98.71,2.0
2019-11-14 19:17:48.329,98.71,1.0
2019-11-14 19:17:48.329,98.71,1.0
2019-11-14 19:17:49.581,98.71,2.0
2019-11-14 19:17:49.589,98.71,1.0
2019-11-14 19:17:49.589,98.71,4.0
2019-11-14 19:17:49.589,98.71,2.0
2019-11-14 19:17:49.589,98.71,3.0
2019-11-14 19:17:49.589,98.71,2.0
2019-11-14 19:17:49.589,98.71,2.0
2019-11-14 19:17:49.589,98.71,1.0
2019-11-14 19:27:11.528,98.715,2.0
2019-11-14 19:28:40.141,98.715,4.0
2019-11-14 19:46:55.613,98.71,1.0
2019-11-14 20:14:56.124,,1.0
2019-11-14 20:21:41.507,98.71,152.0
2019-11-14 20:21:41.777,,1.0
2019-11-14 20:32:23.527,,7.0
2019-11-14 20:32:40.265,98.71,5.0
2019-11-14 20:41:37.154,98.71,5.0
2019-11-14 20:55:38.180,98.715,30.0
2019-11-14 21:14:35.236,98.715,5.0
2019-11-14 21:29:01.031,98.715,5.0
2019-11-14 21:42:20.460,98.715,11.0
2019-11-14 21:47:22.437,98.71,2.0
2019-11-14 21:56:34.804,98.71,1.0
2019-11-14 21:56:34.813,98.71,1.0
2019-11-14 21:56:39.964,98.71,2.0
2019-11-15 02:56:37.560,98.69,2.0
2019-11-15 02:56:37.560,98.69,3.0
2019-11-15 02:56:37.560,98.69,9.0
2019-11-15 08:03:12.709,98.69,1.0
2019-11-15 08:04:16.285,98.69,10.0
2019-11-15 08:08:25.286,98.695,6.0
2019-11-15 08:10:55.030,98.7,23.0
2019-11-15 08:10:55.088,98.705,2.0
2019-11-15 08:10:55.150,98.705,17.0
2019-11-15 08:30:27.113,98.705,2.0
2019-11-15 08:30:27.155,98.705,1.0
2019-11-15 08:30:27.165,98.705,13.0
2019-11-15 08:30:27.165,98.705,5.0
2019-11-15 08:30:27.173,98.705,9.0
2019-11-15 08:52:33.476,98.7,6.0
2019-11-15 09:30:58.301,98.69,3.0
2019-11-15 09:30:58.323,98.69,35.0
2019-11-15 09:32:40.356,98.69,3.0
2019-11-15 09:43:11.853,98.69,3.0
2019-11-15 09:43:12.863,98.69,3.0
2019-11-15 09:43:12.893,98.69,3.0
2019-11-15 09:43:12.913,98.69,3.0
2019-11-15 09:43:12.923,98.69,3.0
2019-11-15 10:12:30.242,98.69,5.0
2019-11-15 11:55:10.732,98.69,93.0
2019-11-15 12:00:01.189,98.695,1.0
2019-11-15 12:00:54.434,98.695,31.0
2019-11-15 12:09:31.553,98.685,12.0
2019-11-15 12:09:31.555,98.685,1.0
2019-11-15 12:09:31.555,98.685,3.0
2019-11-15 12:09:31.555,98.685,1.0
2019-11-15 12:17:03.925,98.685,5.0
2019-11-15 12:34:04.967,98.685,6.0
2019-11-15 12:39:53.301,98.685,10.0
2019-11-15 13:03:37.261,98.685,5.0
2019-11-15 13:08:37.778,98.685,15.0
2019-11-15 13:08:37.798,98.685,40.0
2019-11-15 13:17:03.682,98.685,3.0
2019-11-15 13:17:03.702,98.685,2.0
2019-11-15 13:18:59.352,98.685,2.0
2019-11-15 13:18:59.352,98.685,5.0
2019-11-15 13:19:32.406,98.685,5.0
2019-11-15 13:19:51.946,,1.0
2019-11-15 13:22:59.263,,5.0
2019-11-15 13:22:59.273,,10.0
2019-11-15 13:28:14.959,98.69,5.0
2019-11-15 13:29:52.928,,3.0
2019-11-15 13:30:08.700,,2.0
2019-11-15 13:41:57.037,,1.0
2019-11-15 13:56:41.795,98.695,5.0
2019-11-15 13:58:20.773,98.695,31.0
2019-11-15 14:09:01.959,98.695,5.0
2019-11-15 14:09:58.668,98.695,41.0
2019-11-15 14:17:16.929,98.695,3.0
2019-11-15 14:24:18.613,98.685,1.0
2019-11-15 14:24:18.635,,13.0
2019-11-15 14:31:05.442,98.685,5.0
2019-11-15 14:31:36.217,98.685,5.0
2019-11-15 14:33:13.119,98.68,2.0
2019-11-15 14:33:45.817,98.68,4.0
2019-11-15 14:33:54.583,98.68,1.0
2019-11-15 14:50:43.220,98.685,5.0
2019-11-15 14:50:55.559,98.685,7.0
2019-11-15 14:57:06.757,,5.0
2019-11-15 15:12:43.144,98.685,5.0
2019-11-15 15:12:43.154,98.685,5.0
2019-11-15 15:12:43.164,98.685,10.0
2019-11-15 15:29:41.389,98.69,1.0
2019-11-15 15:45:35.682,98.69,33.0
2019-11-15 15:45:35.684,98.69,12.0
2019-11-15 15:45:35.704,98.69,6.0
2019-11-15 15:46:04.493,,20.0
2019-11-15 15:59:01.181,98.69,3.0
2019-11-15 16:05:22.658,98.69,1.0
2019-11-15 16:05:48.749,98.69,5.0
2019-11-15 16:40:00.453,98.69,32.0
2019-11-15 16:46:55.944,,4.0
2019-11-15 16:59:01.477,98.69,6.0
2019-11-15 16:59:43.706,98.69,5.0
2019-11-15 17:17:04.009,98.69,5.0
2019-11-15 17:36:57.417,98.695,5.0
2019-11-15 17:47:32.058,98.695,5.0
2019-11-15 18:34:21.175,98.695,5.0
2019-11-15 18:39:24.613,98.695,5.0
2019-11-15 18:47:16.360,98.695,11.0
2019-11-15 19:01:57.915,98.695,1.0
2019-11-15 19:03:02.981,98.695,1.0
2019-11-15 19:03:12.190,98.695,3.0
2019-11-15 19:34:41.711,98.695,4.0
2019-11-15 20:00:00.192,98.695,7.0
2019-11-15 20:04:01.295,98.695,6.0
2019-11-15 20:04:01.295,98.695,7.0
2019-11-15 20:12:19.807,98.695,6.0
2019-11-15 20:12:19.917,98.695,21.0
2019-11-15 20:16:55.583,98.695,1.0
2019-11-15 20:34:45.609,98.695,5.0
2019-11-15 20:39:16.272,98.695,10.0
2019-11-15 20:59:56.753,98.695,121.0
2019-11-15 21:00:08.742,98.695,5.0
2019-11-15 21:15:54.625,98.695,5.0
2019-11-18 07:21:38.056,,2.0
2019-11-18 07:33:18.977,98.69,1.0
2019-11-18 07:33:18.989,98.69,6.0
2019-11-18 07:33:18.997,98.69,1.0
2019-11-18 07:33:18.997,98.69,3.0
2019-11-18 07:33:18.997,98.69,1.0
2019-11-18 07:33:18.997,98.69,1.0
2019-11-18 07:33:18.997,98.69,5.0
2019-11-18 07:33:18.997,98.69,5.0
2019-11-18 07:33:18.997,98.69,1.0
2019-11-18 07:33:18.999,98.69,1.0
2019-11-18 07:33:18.999,98.69,1.0
2019-11-18 07:33:18.999,98.69,1.0
2019-11-18 07:33:18.999,98.69,1.0
2019-11-18 07:33:18.999,98.69,2.0
2019-11-18 07:33:19.009,98.69,1.0
2019-11-18 07:33:19.057,98.69,2.0
2019-11-18 07:38:24.198,98.69,2.0
2019-11-18 07:38:33.317,98.69,2.0
2019-11-18 07:38:33.497,98.69,2.0
2019-11-18 07:38:33.499,98.69,2.0
2019-11-18 07:38:33.689,98.69,1.0
2019-11-18 07:38:33.789,98.69,1.0
2019-11-18 07:38:34.319,98.69,1.0
2019-11-18 07:38:34.499,98.69,1.0
2019-11-18 07:38:34.679,98.69,1.0
2019-11-18 07:38:34.739,98.69,1.0
2019-11-18 07:38:34.799,98.69,1.0
2019-11-18 07:38:36.278,98.69,2.0
2019-11-18 07:38:38.766,98.69,1.0
2019-11-18 07:38:39.178,98.69,1.0
2019-11-18 07:38:43.377,98.69,1.0
2019-11-18 07:38:43.577,98.69,1.0
2019-11-18 07:38:43.676,98.69,1.0
2019-11-18 07:38:43.777,98.69,1.0
2019-11-18 07:38:44.477,98.69,1.0
2019-11-18 07:38:44.577,98.69,1.0
2019-11-18 07:38:49.117,98.69,31.0
2019-11-18 07:38:49.117,98.69,1.0
2019-11-18 07:38:49.117,98.69,1.0
2019-11-18 07:38:49.135,98.69,13.0
2019-11-18 09:21:20.335,,1.0
2019-11-18 09:24:13.343,98.68,17.0
2019-11-18 09:25:06.727,98.68,23.0
2019-11-18 09:34:30.450,,1.0
2019-11-18 10:40:15.254,,1.0
2019-11-18 11:01:16.777,,1.0
2019-11-18 11:02:54.384,,1.0
2019-11-18 12:30:52.866,98.675,5.0
2019-11-18 12:36:11.253,98.675,9.0
2019-11-18 12:43:54.501,98.675,1.0
2019-11-18 13:01:44.124,98.675,5.0
2019-11-18 13:04:47.192,98.675,1.0
2019-11-18 13:15:45.814,98.675,1.0
2019-11-18 13:15:45.822,98.675,1.0
2019-11-18 13:15:45.822,98.675,2.0
2019-11-18 13:15:45.822,98.675,1.0
2019-11-18 13:18:20.411,98.675,5.0
2019-11-18 13:19:24.678,98.68,12.0
2019-11-18 13:19:24.739,98.68,5.0
2019-11-18 13:19:24.739,98.68,9.0
2019-11-18 13:19:59.551,98.68,5.0
2019-11-18 13:21:16.060,98.685,5.0
2019-11-18 13:21:18.379,98.685,2.0
2019-11-18 13:21:18.897,98.685,3.0
2019-11-18 13:21:22.727,98.685,1.0
2019-11-18 13:21:22.727,98.685,11.0
2019-11-18 13:21:29.800,,15.0
2019-11-18 13:21:33.550,98.69,128.0
2019-11-18 13:21:33.589,98.69,4.0
2019-11-18 13:24:07.590,98.69,5.0
2019-11-18 13:25:00.680,98.69,10.0
2019-11-18 13:25:14.602,98.695,1.0
2019-11-18 13:25:14.610,98.695,26.0
2019-11-18 13:25:14.610,98.695,57.0
2019-11-18 13:25:14.610,98.695,5.0
2019-11-18 13:25:14.610,98.695,5.0
2019-11-18 13:25:54.021,98.695,5.0
2019-11-18 13:26:50.539,98.7,29.0
2019-11-18 13:30:38.124,98.71,5.0
2019-11-18 13:30:38.145,98.71,5.0
2019-11-18 13:31:21.471,98.71,14.0
2019-11-18 13:31:21.552,98.71,5.0
2019-11-18 13:32:43.059,98.705,9.0
2019-11-18 13:32:56.437,98.705,5.0
2019-11-18 13:35:59.592,98.71,5.0
2019-11-18 13:35:59.684,98.71,5.0
2019-11-18 13:39:14.120,98.71,7.0
2019-11-18 13:43:53.870,98.705,1.0
2019-11-18 13:52:42.426,98.705,5.0
2019-11-18 13:58:17.425,98.705,3.0
2019-11-18 13:58:17.437,98.705,1.0
2019-11-18 13:58:17.437,98.705,1.0
2019-11-18 14:10:10.202,,2.0
2019-11-18 14:10:10.212,,8.0
2019-11-18 14:11:01.832,98.71,200.0
2019-11-18 14:16:23.891,98.71,5.0
2019-11-18 14:31:49.723,98.715,28.0
2019-11-18 14:34:28.325,98.72,31.0
2019-11-18 14:36:03.231,98.72,5.0
2019-11-18 14:42:20.690,98.725,3.0
2019-11-18 14:43:51.558,,4.0
2019-11-18 14:45:23.434,98.72,29.0
2019-11-18 14:45:24.476,98.72,5.0
2019-11-18 14:48:45.565,98.715,5.0
2019-11-18 14:59:00.110,98.715,4.0
2019-11-18 14:59:00.111,98.715,26.0
2019-11-18 14:59:16.969,98.715,5.0
2019-11-18 14:59:22.470,,5.0
2019-11-18 15:00:07.716,98.715,2.0
2019-11-18 15:00:07.735,98.715,10.0
2019-11-18 15:00:07.735,98.715,19.0
2019-11-18 15:06:47.889,98.715,5.0
2019-11-18 15:07:54.291,98.715,5.0
2019-11-18 15:07:54.301,98.715,20.0
2019-11-18 15:11:05.168,98.715,5.0
2019-11-18 15:23:08.228,98.72,25.0
2019-11-18 15:54:18.020,98.72,1.0
2019-11-18 15:54:18.020,98.72,1.0
2019-11-18 16:01:13.913,98.72,134.0
2019-11-18 16:01:13.922,98.72,5.0
2019-11-18 16:01:13.922,98.72,11.0
2019-11-18 16:01:14.070,98.72,15.0
2019-11-18 16:01:53.371,98.72,2.0
2019-11-18 16:01:53.390,98.72,5.0
2019-11-18 16:01:53.392,98.72,2.0
2019-11-18 16:11:06.379,98.72,6.0
2019-11-18 16:11:09.369,98.72,5.0
2019-11-18 16:12:02.694,98.72,19.0
2019-11-18 16:12:10.700,98.72,1.0
2019-11-18 16:19:22.576,98.72,1.0
2019-11-18 16:19:22.597,98.72,2.0
2019-11-18 16:19:22.597,98.72,1.0
2019-11-18 16:19:22.608,98.72,5.0
2019-11-18 16:19:22.618,98.72,7.0
2019-11-18 16:27:26.502,98.72,5.0
2019-11-18 16:34:24.654,98.72,10.0
2019-11-18 16:36:02.585,98.72,10.0
2019-11-18 16:51:31.817,98.72,2.0
2019-11-18 17:39:21.540,98.72,37.0
2019-11-18 17:39:58.219,98.72,1.0
2019-11-18 17:39:58.219,98.72,4.0
2019-11-18 17:40:09.308,,3.0
2019-11-18 17:47:54.365,98.72,5.0
2019-11-18 17:47:54.365,98.72,5.0
2019-11-18 17:52:25.160,98.72,1.0
2019-11-18 18:04:36.471,98.72,9.0
2019-11-18 18:05:58.646,98.72,45.0
2019-11-18 18:28:37.064,98.72,5.0
2019-11-18 18:41:39.401,98.72,5.0
2019-11-18 18:41:39.401,98.72,35.0
2019-11-18 18:47:52.906,98.72,15.0
2019-11-18 18:50:33.298,98.72,5.0
2019-11-18 18:50:33.298,98.72,5.0
2019-11-18 19:04:52.812,98.72,5.0
2019-11-18 20:12:03.000,98.715,5.0
2019-11-18 20:12:13.789,98.715,6.0
2019-11-18 20:12:13.797,98.715,84.0
2019-11-18 20:12:13.797,98.715,4.0
2019-11-18 20:12:13.797,98.715,6.0
2019-11-18 20:12:13.797,98.715,5.0
2019-11-18 20:12:13.807,98.715,43.0
2019-11-18 20:12:13.807,98.715,5.0
2019-11-18 20:12:13.807,98.715,6.0
2019-11-18 20:12:13.807,98.715,46.0
2019-11-18 20:12:13.809,98.715,3.0
2019-11-18 20:12:13.809,98.715,6.0
2019-11-18 20:12:13.817,98.715,45.0
2019-11-18 20:12:13.819,98.715,36.0
2019-11-18 20:18:48.209,98.72,2.0
2019-11-18 20:19:49.843,98.72,6.0
2019-11-18 20:19:49.843,98.72,6.0
2019-11-18 20:51:01.492,98.72,1.0
2019-11-18 20:51:03.084,98.72,2.0
2019-11-18 20:51:03.194,98.72,6.0
2019-11-18 20:51:03.205,98.72,6.0
2019-11-18 20:52:45.568,98.72,4.0
2019-11-18 20:59:52.778,98.72,4.0
2019-11-18 21:02:47.308,98.715,141.0
2019-11-18 21:02:47.328,98.715,1.0
2019-11-18 21:02:47.328,98.715,40.0
2019-11-18 21:02:47.338,98.715,114.0
2019-11-18 21:02:47.338,98.715,4.0
2019-11-18 21:14:56.241,98.715,13.0
2019-11-18 21:15:02.834,98.715,3.0
2019-11-18 21:15:17.402,98.715,2.0
2019-11-18 21:55:30.523,98.71,66.0
2019-11-19 00:47:07.931,98.73,35.0
2019-11-19 07:18:00.210,98.7,15.0
2019-11-19 07:18:00.230,98.7,2.0
2019-11-19 07:18:00.240,98.7,2.0
2019-11-19 07:18:00.240,98.7,1.0
2019-11-19 07:18:00.240,98.7,5.0
2019-11-19 07:18:00.240,98.7,2.0
2019-11-19 07:18:00.318,98.7,2.0
2019-11-19 07:56:56.651,98.695,24.0
2019-11-19 07:56:56.681,,12.0
2019-11-19 08:11:19.160,98.695,1.0
2019-11-19 08:11:28.160,98.695,91.0
2019-11-19 08:15:09.553,98.695,10.0
2019-11-19 08:20:01.201,98.69,1.0
2019-11-19 08:20:13.339,98.69,1.0
2019-11-19 08:20:31.138,98.69,2.0
2019-11-19 08:20:31.138,98.69,108.0
2019-11-19 08:20:31.148,98.69,7.0
2019-11-19 08:20:49.206,98.69,54.0
2019-11-19 09:01:59.724,98.69,6.0
2019-11-19 10:17:09.246,,5.0
2019-11-19 11:17:03.429,98.695,144.0
2019-11-19 11:17:03.437,98.695,28.0
2019-11-19 11:17:03.437,98.695,28.0
2019-11-19 12:00:24.898,98.7,4.0
2019-11-19 12:41:17.510,98.705,73.0
2019-11-19 13:01:41.449,,2.0
2019-11-19 13:04:45.391,98.7,14.0
2019-11-19 13:15:50.173,98.705,82.0
2019-11-19 13:15:50.193,98.705,19.0
2019-11-19 13:15:50.253,98.705,76.0
2019-11-19 13:15:50.273,,2.0
2019-11-19 13:32:28.970,98.71,9.0
2019-11-19 13:37:37.849,98.71,1.0
2019-11-19 13:37:37.859,98.71,1.0
2019-11-19 13:37:37.879,98.71,11.0
2019-11-19 13:37:37.879,98.71,4.0
2019-11-19 13:37:37.967,98.71,35.0
2019-11-19 13:37:38.709,98.71,10.0
2019-11-19 13:40:08.949,98.71,23.0
2019-11-19 13:42:49.529,98.715,1.0
2019-11-19 13:42:49.539,98.715,2.0
2019-11-19 13:44:32.409,98.715,45.0
2019-11-19 13:48:08.375,98.715,3.0
2019-11-19 13:48:08.385,98.715,5.0
2019-11-19 13:54:12.996,,1.0
2019-11-19 14:00:36.803,98.71,5.0
2019-11-19 14:01:08.370,98.71,5.0
2019-11-19 14:01:45.314,98.71,5.0
2019-11-19 14:02:28.824,98.71,19.0
2019-11-19 14:02:30.783,98.71,14.0
2019-11-19 14:02:31.824,98.71,25.0
2019-11-19 14:03:18.358,98.71,3.0
2019-11-19 14:03:38.029,98.71,5.0
2019-11-19 14:03:52.615,98.71,1.0
2019-11-19 14:03:52.615,98.71,44.0
2019-11-19 14:03:52.615,98.71,6.0
2019-11-19 14:03:52.816,98.71,2.0
2019-11-19 14:10:58.199,98.715,5.0
2019-11-19 14:10:58.257,98.715,3.0
2019-11-19 14:10:58.270,98.715,33.0
2019-11-19 14:14:35.586,98.715,11.0
2019-11-19 14:14:35.608,98.715,4.0
2019-11-19 14:14:35.608,98.715,36.0
2019-11-19 14:14:35.708,98.715,23.0
2019-11-19 14:14:35.808,98.715,20.0
2019-11-19 14:15:03.027,,2.0
2019-11-19 14:15:16.694,98.715,6.0
2019-11-19 14:18:48.170,98.715,5.0
2019-11-19 14:25:27.643,98.715,5.0
2019-11-19 14:31:14.979,98.715,44.0
2019-11-19 14:33:02.207,98.715,5.0
2019-11-19 14:34:05.575,98.715,92.0
2019-11-19 14:48:13.341,,1.0
2019-11-19 14:51:27.456,98.72,5.0
2019-11-19 14:51:52.102,98.72,5.0
2019-11-19 14:52:16.655,98.72,19.0
2019-11-19 14:52:16.666,98.72,26.0
2019-11-19 14:52:17.395,98.72,30.0
2019-11-19 14:52:17.395,98.72,1.0
2019-11-19 14:54:23.815,98.715,6.0
2019-11-19 14:55:49.274,98.715,1.0
2019-11-19 14:55:49.282,98.715,2.0
2019-11-19 14:55:49.282,98.715,1.0
2019-11-19 14:55:49.284,98.715,1.0
2019-11-19 14:55:49.284,98.715,1.0
2019-11-19 14:59:16.391,98.72,49.0
2019-11-19 14:59:16.403,98.72,77.0
2019-11-19 15:01:51.065,98.72,7.0
2019-11-19 15:03:30.204,98.72,33.0
2019-11-19 15:04:46.452,98.72,5.0
2019-11-19 15:05:00.014,98.72,4.0
2019-11-19 15:05:00.023,98.72,15.0
2019-11-19 15:05:38.115,98.72,13.0
2019-11-19 15:05:40.635,98.72,2.0
2019-11-19 15:05:45.356,98.72,8.0
2019-11-19 15:09:07.282,98.72,1.0
2019-11-19 15:09:07.291,98.72,1.0
2019-11-19 15:09:07.292,98.72,2.0
2019-11-19 15:09:07.292,98.72,1.0
2019-11-19 15:11:15.537,98.715,2.0
2019-11-19 15:11:15.837,98.715,2.0
2019-11-19 15:13:18.001,98.72,3.0
2019-11-19 15:14:15.591,98.72,5.0
2019-11-19 15:14:31.950,98.72,8.0
2019-11-19 15:14:31.980,98.72,46.0
2019-11-19 15:14:50.715,98.72,35.0
2019-11-19 15:14:54.605,98.72,20.0
2019-11-19 15:15:15.524,98.72,1.0
2019-11-19 15:15:15.526,98.72,64.0
2019-11-19 15:21:27.249,98.72,103.0
2019-11-19 15:43:59.776,98.725,36.0
2019-11-19 15:47:24.840,98.725,10.0
2019-11-19 15:51:30.269,98.73,1.0
2019-11-19 15:51:30.281,98.73,4.0
2019-11-19 15:51:42.031,98.735,2.0
2019-11-19 15:51:42.031,98.735,1.0
2019-11-19 15:51:42.071,98.735,1.0
2019-11-19 15:51:42.071,98.735,1.0
2019-11-19 15:51:42.071,98.735,1.0
2019-11-19 15:51:42.071,98.735,24.0
2019-11-19 15:51:42.274,98.735,24.0
2019-11-19 15:51:42.494,98.735,24.0
2019-11-19 15:51:44.754,98.735,24.0
2019-11-19 15:52:39.927,98.735,22.0
2019-11-19 15:52:39.930,98.735,1.0
2019-11-19 15:52:39.930,98.735,1.0
2019-11-19 15:56:32.700,98.735,5.0
2019-11-19 15:58:19.911,98.735,5.0
2019-11-19 16:01:15.412,98.735,114.0
2019-11-19 16:01:24.560,98.735,4.0
2019-11-19 16:01:24.572,98.735,3.0
2019-11-19 16:01:55.734,98.735,2.0
2019-11-19 16:01:55.735,98.735,77.0
2019-11-19 16:05:18.700,98.735,3.0
2019-11-19 16:09:30.377,98.735,10.0
2019-11-19 16:09:43.464,98.735,49.0
2019-11-19 16:09:43.464,98.735,44.0
2019-11-19 16:14:02.934,98.735,5.0
2019-11-19 16:14:02.953,98.735,2.0
2019-11-19 16:38:42.121,98.725,7.0
2019-11-19 16:39:04.271,98.72,1.0
2019-11-19 16:39:04.434,98.72,1.0
2019-11-19 16:39:13.983,98.72,3.0
2019-11-19 16:40:10.741,98.725,19.0
2019-11-19 16:43:50.040,98.725,1.0
2019-11-19 16:45:53.278,98.725,6.0
2019-11-19 16:54:55.429,98.725,5.0
2019-11-19 16:54:55.469,98.725,2.0
2019-11-19 16:54:55.479,98.725,3.0
2019-11-19 17:07:05.614,98.73,5.0
2019-11-19 17:07:44.366,98.73,5.0
2019-11-19 17:07:44.849,98.73,1.0
2019-11-19 17:08:18.445,98.73,13.0
2019-11-19 17:08:18.947,98.73,2.0
2019-11-19 17:22:28.868,98.73,5.0
2019-11-19 17:22:28.878,98.73,1.0
2019-11-19 18:02:19.950,98.735,1.0
2019-11-19 18:02:19.950,98.735,4.0
2019-11-19 18:02:50.378,,7.0
2019-11-19 18:02:50.378,,1.0
2019-11-19 18:02:50.378,,2.0
2019-11-19 18:02:50.378,,1.0
2019-11-19 18:02:50.378,,3.0
2019-11-19 18:02:50.378,,1.0
2019-11-19 18:02:50.378,,2.0
2019-11-19 18:02:50.378,,1.0
2019-11-19 18:03:02.777,98.735,1.0
2019-11-19 18:08:25.942,98.735,5.0
2019-11-19 18:17:15.078,98.735,5.0
2019-11-19 18:36:00.630,98.735,5.0
2019-11-19 18:44:00.427,98.735,5.0
2019-11-19 18:47:41.734,98.74,6.0
2019-11-19 18:56:58.453,98.74,5.0
2019-11-19 19:08:49.500,98.735,2.0
2019-11-19 19:08:49.551,98.735,1.0
2019-11-19 19:08:49.900,98.735,2.0
2019-11-19 19:15:05.935,98.73,5.0
2019-11-19 19:16:17.441,98.73,19.0
2019-11-19 19:16:17.451,98.73,15.0
2019-11-19 19:16:24.192,98.73,1.0
2019-11-19 19:53:47.504,98.735,172.0
2019-11-19 19:53:47.514,98.735,5.0
2019-11-19 19:54:11.083,98.735,1.0
2019-11-19 19:54:11.091,98.735,8.0
2019-11-19 19:54:11.091,98.735,100.0
2019-11-19 19:54:11.093,98.735,41.0
2019-11-19 19:56:25.102,98.735,5.0
2019-11-19 19:57:19.657,98.735,1.0
2019-11-19 19:57:27.658,98.735,1.0
2019-11-19 19:59:32.087,98.735,5.0
2019-11-19 19:59:32.418,98.735,5.0
2019-11-19 19:59:40.948,98.735,9.0
2019-11-19 20:00:45.351,98.735,5.0
2019-11-19 20:01:54.729,98.735,1.0
2019-11-19 20:01:55.227,98.735,2.0
2019-11-19 20:11:04.752,98.735,5.0
2019-11-19 20:11:37.990,98.735,1.0
2019-11-19 20:24:28.594,98.735,7.0
2019-11-19 20:24:28.594,98.735,8.0
2019-11-19 20:24:28.645,98.735,5.0
2019-11-19 20:36:19.046,98.73,1.0
2019-11-19 20:36:20.544,98.73,1.0
2019-11-19 20:36:22.567,98.73,1.0
2019-11-19 20:36:26.155,98.73,1.0
2019-11-19 20:47:27.233,98.735,3.0
2019-11-19 20:47:28.244,98.735,1.0
2019-11-19 20:59:59.834,98.735,5.0
2019-11-19 21:10:43.337,98.735,16.0
2019-11-19 21:10:43.828,98.735,16.0
2019-11-19 21:10:44.328,98.735,8.0
2019-11-19 21:13:44.510,98.735,1.0
2019-11-19 21:25:45.087,98.735,5.0
2019-11-19 21:25:45.107,98.735,4.0
2019-11-19 21:48:51.361,98.735,1.0
2019-11-19 21:48:51.862,98.735,1.0
2019-11-19 21:55:31.532,98.735,2.0
2019-11-20 01:59:18.535,,62.0
2019-11-20 02:00:56.735,98.765,2.0
2019-11-20 02:00:56.745,98.765,42.0
2019-11-20 02:00:56.745,,44.0
2019-11-20 04:48:27.586,98.76,5.0
2019-11-20 04:48:27.586,98.76,5.0
2019-11-20 05:31:06.426,98.76,1.0
2019-11-20 05:42:12.840,98.76,23.0
2019-11-20 05:42:12.840,98.76,11.0
2019-11-20 05:42:16.330,98.76,1.0
2019-11-20 05:43:08.015,98.76,1.0
2019-11-20 05:43:18.135,98.76,1.0
2019-11-20 05:43:30.853,98.76,1.0
2019-11-20 05:44:58.014,98.76,1.0
2019-11-20 05:45:10.173,98.76,1.0
2019-11-20 05:47:25.669,98.76,1.0
2019-11-20 05:47:25.679,98.76,7.0
2019-11-20 05:47:25.699,98.76,21.0
2019-11-20 05:47:25.709,98.76,9.0
2019-11-20 05:47:25.719,98.76,1.0
2019-11-20 05:47:25.727,98.76,7.0
2019-11-20 05:47:25.727,98.76,3.0
2019-11-20 07:18:08.630,98.75,10.0
2019-11-20 07:18:08.630,98.75,14.0
2019-11-20 07:23:17.720,98.75,24.0
2019-11-20 07:43:27.885,,15.0
2019-11-20 07:43:27.895,,5.0
2019-11-20 07:43:27.903,,4.0
2019-11-20 07:43:27.913,,1.0
2019-11-20 07:43:29.366,,12.0
2019-11-20 08:20:07.913,98.765,7.0
2019-11-20 08:42:59.233,98.76,5.0
2019-11-20 08:42:59.233,98.76,14.0
2019-11-20 08:43:00.856,98.76,86.0
2019-11-20 09:15:48.110,98.76,44.0
2019-11-20 09:20:41.189,98.76,10.0
2019-11-20 09:23:20.695,98.76,10.0
2019-11-20 09:26:51.238,,43.0
2019-11-20 09:26:51.238,,2.0
2019-11-20 09:26:51.238,,1.0
2019-11-20 09:45:13.972,98.755,5.0
2019-11-20 10:00:11.436,,2.0
2019-11-20 10:51:03.848,,16.0
2019-11-20 10:51:05.968,,2.0
2019-11-20 10:51:07.748,,4.0
2019-11-20 10:51:09.768,,1.0
2019-11-20 11:08:54.193,98.76,36.0
2019-11-20 11:36:15.329,98.76,40.0
2019-11-20 12:38:37.908,98.765,5.0
2019-11-20 12:39:34.383,98.765,17.0
2019-11-20 12:42:02.098,98.77,6.0
2019-11-20 12:42:02.188,98.77,1.0
2019-11-20 12:42:04.885,98.77,34.0
2019-11-20 12:42:57.631,98.77,14.0
2019-11-20 12:43:12.220,98.77,4.0
2019-11-20 12:43:12.228,98.77,10.0
2019-11-20 12:47:13.135,,12.0
2019-11-20 12:47:13.135,,19.0
2019-11-20 12:47:13.135,,5.0
2019-11-20 12:47:13.627,,5.0
2019-11-20 13:05:33.713,98.77,5.0
2019-11-20 13:05:34.191,98.77,10.0
2019-11-20 13:18:37.620,98.765,5.0
2019-11-20 13:19:04.709,98.765,5.0
2019-11-20 13:20:02.088,98.765,5.0
2019-11-20 13:21:13.086,98.765,5.0
2019-11-20 13:21:13.086,98.77,6.0
2019-11-20 13:23:24.077,98.765,8.0
2019-11-20 13:23:24.085,98.765,11.0
2019-11-20 13:23:24.085,98.765,8.0
2019-11-20 13:23:24.085,98.765,7.0
2019-11-20 13:23:24.085,98.765,2.0
2019-11-20 13:23:24.095,98.765,1.0
2019-11-20 13:23:24.095,98.765,1.0
2019-11-20 13:23:24.095,98.765,2.0
2019-11-20 13:23:24.095,98.765,1.0
2019-11-20 13:23:24.095,98.765,1.0
2019-11-20 13:27:02.439,,2.0
2019-11-20 13:33:03.091,98.76,5.0
2019-11-20 13:33:45.862,98.76,5.0
2019-11-20 13:39:24.400,98.76,15.0
2019-11-20 13:39:24.402,98.76,5.0
2019-11-20 13:40:10.857,98.76,5.0
2019-11-20 13:48:30.454,98.765,1.0
2019-11-20 13:48:30.716,98.765,1.0
2019-11-20 13:48:30.716,98.765,1.0
2019-11-20 13:48:33.574,98.765,2.0
2019-11-20 13:49:39.919,98.765,10.0
2019-11-20 13:49:40.939,98.765,3.0
2019-11-20 13:49:41.039,98.765,3.0
2019-11-20 13:49:47.488,98.765,30.0
2019-11-20 13:51:43.867,98.765,12.0
2019-11-20 14:08:29.836,98.765,5.0
2019-11-20 14:12:17.937,98.76,26.0
2019-11-20 14:18:50.335,98.755,10.0
2019-11-20 14:19:04.526,98.755,20.0
2019-11-20 14:25:13.329,98.755,2.0
2019-11-20 14:25:13.337,98.755,3.0
2019-11-20 14:25:13.349,98.755,4.0
2019-11-20 14:25:29.709,98.755,5.0
2019-11-20 14:25:29.749,98.755,76.0
2019-11-20 14:27:30.591,98.755,10.0
2019-11-20 14:27:30.591,98.755,5.0
2019-11-20 15:01:04.161,98.76,5.0
2019-11-20 15:01:04.161,98.76,40.0
2019-11-20 15:01:45.461,,1.0
2019-11-20 15:01:45.512,,1.0
2019-11-20 15:01:45.512,,1.0
2019-11-20 15:02:41.701,98.76,3.0
2019-11-20 15:02:41.701,98.76,3.0
2019-11-20 15:04:29.469,98.76,2.0
2019-11-20 15:06:07.336,98.76,2.0
2019-11-20 15:19:02.081,98.765,7.0
2019-11-20 15:19:11.551,98.765,15.0
2019-11-20 15:19:13.261,98.765,2.0
2019-11-20 15:19:14.102,98.765,1.0
2019-11-20 15:19:14.201,98.765,1.0
2019-11-20 15:19:32.499,98.765,3.0
2019-11-20 15:21:56.395,98.765,3.0
2019-11-20 15:21:56.406,98.765,19.0
2019-11-20 15:21:56.416,98.765,21.0
2019-11-20 15:23:13.328,98.765,5.0
2019-11-20 15:23:41.688,98.765,31.0
2019-11-20 15:28:51.568,,5.0
2019-11-20 15:35:13.013,98.755,5.0
2019-11-20 15:35:13.013,,2.0
2019-11-20 15:36:33.501,98.755,5.0
2019-11-20 15:36:33.512,98.755,1.0
2019-11-20 15:36:43.822,98.755,1.0
2019-11-20 15:37:59.199,,6.0
2019-11-20 15:37:59.199,,6.0
2019-11-20 15:37:59.199,,6.0
2019-11-20 15:37:59.229,,24.0
2019-11-20 15:38:18.730,,25.0
2019-11-20 15:40:51.917,98.76,92.0
2019-11-20 15:41:13.096,98.76,3.0
2019-11-20 15:44:39.016,,1.0
2019-11-20 15:46:09.767,98.76,2.0
2019-11-20 15:47:31.098,98.76,6.0
2019-11-20 15:59:09.299,98.765,1.0
2019-11-20 15:59:09.299,98.765,1.0
2019-11-20 16:14:48.378,98.76,5.0
2019-11-20 16:23:06.125,98.755,12.0
2019-11-20 16:23:06.127,98.755,1.0
2019-11-20 16:26:04.706,,10.0
2019-11-20 16:26:04.816,98.755,10.0
2019-11-20 16:26:18.725,,1.0
2019-11-20 16:26:18.725,,14.0
2019-11-20 16:27:36.685,98.755,2.0
2019-11-20 16:27:36.725,98.755,9.0
2019-11-20 16:41:28.620,98.75,2.0
2019-11-20 16:41:49.091,98.75,4.0
2019-11-20 16:42:02.011,98.75,3.0
2019-11-20 16:44:08.427,98.75,2.0
2019-11-20 16:44:08.447,98.75,1.0
2019-11-20 16:44:08.447,98.75,1.0
2019-11-20 16:44:08.474,98.75,5.0
2019-11-20 16:46:39.010,98.75,5.0
2019-11-20 16:49:04.075,98.75,1.0
2019-11-20 16:49:04.075,98.75,4.0
2019-11-20 16:56:03.168,,1.0
2019-11-20 16:56:03.188,,24.0
2019-11-20 16:57:47.505,98.75,52.0
2019-11-20 16:59:06.895,98.75,5.0
2019-11-20 16:59:06.945,98.75,8.0
2019-11-20 16:59:10.555,98.75,4.0
2019-11-20 17:01:12.249,98.75,5.0
2019-11-20 17:03:51.391,98.75,100.0
2019-11-20 17:05:44.453,98.75,1.0
2019-11-20 17:05:44.585,98.75,4.0
2019-11-20 17:12:42.742,98.75,5.0
2019-11-20 17:14:11.555,98.75,6.0
2019-11-20 17:19:55.162,98.75,5.0
2019-11-20 17:20:49.232,98.75,2.0
2019-11-20 17:20:49.254,98.75,12.0
2019-11-20 17:20:53.062,98.75,1.0
2019-11-20 17:20:54.065,98.75,9.0
2019-11-20 17:20:54.085,98.75,45.0
2019-11-20 17:36:41.458,98.75,2.0
2019-11-20 17:36:41.458,98.75,2.0
2019-11-20 17:36:41.458,98.75,2.0
2019-11-20 17:48:45.648,98.75,367.0
2019-11-20 17:48:45.656,98.75,111.0
2019-11-20 17:48:45.656,98.75,5.0
2019-11-20 17:48:45.666,98.75,114.0
2019-11-20 17:48:45.666,98.75,99.0
2019-11-20 17:48:45.668,98.75,17.0
2019-11-20 17:48:45.668,98.75,172.0
2019-11-20 17:48:45.678,98.75,132.0
2019-11-20 17:51:26.262,98.75,5.0
2019-11-20 17:51:52.037,98.75,40.0
2019-11-20 17:55:01.259,98.755,26.0
2019-11-20 17:55:01.259,98.755,114.0
2019-11-20 17:55:01.339,98.755,13.0
2019-11-20 17:55:01.349,98.755,40.0
2019-11-20 17:55:01.359,98.755,18.0
2019-11-20 17:55:02.219,98.76,4.0
2019-11-20 17:55:02.259,98.76,43.0
2019-11-20 17:55:02.319,98.76,1.0
2019-11-20 17:55:02.319,98.76,1.0
2019-11-20 17:55:02.329,98.76,1.0
2019-11-20 17:55:02.329,98.76,3.0
2019-11-20 17:55:02.359,98.76,5.0
2019-11-20 17:55:02.419,98.76,1.0
2019-11-20 17:55:02.437,98.76,14.0
2019-11-20 17:55:02.438,98.76,1.0
2019-11-20 17:55:02.449,98.76,10.0
2019-11-20 17:55:02.790,98.76,15.0
2019-11-20 17:55:03.030,98.76,5.0
2019-11-20 17:55:03.201,98.76,5.0
2019-11-20 17:55:03.209,98.76,17.0
2019-11-20 17:55:03.321,98.76,1.0
2019-11-20 17:55:03.321,98.76,8.0
2019-11-20 17:55:03.508,98.76,5.0
2019-11-20 17:55:03.761,98.76,1.0
2019-11-20 17:55:04.291,98.76,1.0
2019-11-20 17:55:05.280,98.76,4.0
2019-11-20 17:55:06.400,98.755,32.0
2019-11-20 17:55:07.310,98.755,4.0
2019-11-20 17:55:07.791,98.755,1.0
2019-11-20 17:55:09.300,98.755,26.0
2019-11-20 17:55:24.560,98.76,1.0
2019-11-20 17:55:24.979,98.76,1.0
2019-11-20 17:55:24.979,98.76,2.0
2019-11-20 17:55:29.970,98.76,2.0
2019-11-20 17:55:36.200,98.76,5.0
2019-11-20 17:55:36.610,98.76,3.0
2019-11-20 17:55:42.451,98.76,3.0
2019-11-20 17:55:45.171,98.76,3.0
2019-11-20 17:55:46.611,,1.0
2019-11-20 17:55:46.632,,1.0
2019-11-20 17:55:49.453,,1.0
2019-11-20 17:55:49.453,,1.0
2019-11-20 17:55:50.171,98.765,1.0
2019-11-20 17:55:50.764,98.765,5.0
2019-11-20 17:55:50.773,98.765,7.0
2019-11-20 17:56:35.234,98.77,5.0
2019-11-20 17:57:08.737,98.77,5.0
2019-11-20 17:57:09.255,98.77,1.0
2019-11-20 17:57:09.267,98.77,2.0
2019-11-20 17:57:09.277,98.77,16.0
2019-11-20 17:57:10.277,98.77,1.0
2019-11-20 17:57:10.287,98.77,1.0
2019-11-20 17:57:10.304,98.77,1.0
2019-11-20 17:57:10.304,98.77,14.0
2019-11-20 17:57:11.284,98.77,2.0
2019-11-20 17:57:11.296,98.77,22.0
2019-11-20 17:57:11.317,98.77,6.0
2019-11-20 17:57:11.787,98.77,1.0
2019-11-20 17:57:11.814,98.77,8.0
2019-11-20 17:57:12.296,98.77,7.0
2019-11-20 17:57:12.824,98.77,5.0
2019-11-20 17:57:13.347,98.77,5.0
2019-11-20 17:57:14.334,98.77,4.0
2019-11-20 17:59:18.284,98.77,5.0
2019-11-20 18:01:49.880,98.765,8.0
2019-11-20 18:01:49.890,98.765,1.0
2019-11-20 18:01:49.890,98.765,12.0
2019-11-20 18:01:50.020,98.765,1.0
2019-11-20 18:02:01.372,98.765,3.0
2019-11-20 18:02:01.372,98.765,3.0
2019-11-20 18:02:01.382,98.765,8.0
2019-11-20 18:02:19.723,98.765,123.0
2019-11-20 18:05:31.310,98.765,1.0
2019-11-20 18:06:24.403,,3.0
2019-11-20 18:08:10.938,98.765,5.0
2019-11-20 18:10:14.631,98.77,5.0
2019-11-20 18:12:10.957,98.775,114.0
2019-11-20 18:12:10.985,98.775,3.0
2019-11-20 18:12:11.027,98.775,47.0
2019-11-20 18:12:11.187,98.78,1.0
2019-11-20 18:12:11.217,98.78,1.0
2019-11-20 18:12:11.217,98.78,1.0
2019-11-20 18:12:11.217,98.78,3.0
2019-11-20 18:12:11.255,98.78,9.0
2019-11-20 18:12:11.255,98.78,57.0
2019-11-20 18:12:11.257,98.78,5.0
2019-11-20 18:12:11.267,98.78,1.0
2019-11-20 18:12:11.408,98.78,6.0
2019-11-20 18:12:11.438,98.78,1.0
2019-11-20 18:12:11.438,98.78,1.0
2019-11-20 18:12:11.698,98.775,10.0
2019-11-20 18:12:25.946,98.775,114.0
2019-11-20 18:12:52.917,98.775,4.0
2019-11-20 18:14:17.677,,1.0
2019-11-20 18:17:35.753,,1.0
2019-11-20 18:24:45.170,98.775,5.0
2019-11-20 18:26:10.647,98.77,25.0
2019-11-20 18:26:10.647,98.77,3.0
2019-11-20 18:26:10.667,98.77,21.0
2019-11-20 18:26:10.675,98.77,6.0
2019-11-20 18:26:10.677,98.77,1.0
2019-11-20 18:26:10.698,98.77,21.0
2019-11-20 18:26:10.705,98.77,4.0
2019-11-20 18:26:10.705,98.77,1.0
2019-11-20 18:26:10.705,98.77,2.0
2019-11-20 18:26:10.705,98.77,1.0
2019-11-20 18:26:10.707,98.77,1.0
2019-11-20 18:26:10.707,98.77,2.0
2019-11-20 18:26:10.715,98.77,1.0
2019-11-20 18:26:10.717,98.77,1.0
2019-11-20 18:26:10.725,98.77,1.0
2019-11-20 18:26:10.725,98.77,1.0
2019-11-20 18:26:10.725,98.77,1.0
2019-11-20 18:26:10.725,98.77,1.0
2019-11-20 18:26:10.725,98.77,1.0
2019-11-20 18:26:10.725,98.77,2.0
2019-11-20 18:26:10.725,98.77,3.0
2019-11-20 18:26:10.725,98.77,1.0
2019-11-20 18:26:10.725,98.77,5.0
2019-11-20 18:26:10.725,98.77,1.0
2019-11-20 18:26:10.725,98.77,1.0
2019-11-20 18:26:10.725,98.77,2.0
2019-11-20 18:26:10.725,98.77,1.0
2019-11-20 18:26:10.735,98.77,4.0
2019-11-20 18:26:10.735,98.77,2.0
2019-11-20 18:26:10.757,98.77,4.0
2019-11-20 18:26:11.045,98.77,5.0
2019-11-20 18:26:11.575,98.77,1.0
2019-11-20 18:26:15.327,98.765,27.0
2019-11-20 18:26:16.837,98.765,1.0
2019-11-20 18:27:51.628,98.77,5.0
2019-11-20 18:39:16.170,,15.0
2019-11-20 18:46:44.230,98.775,3.0
2019-11-20 18:52:10.704,98.775,1.0
2019-11-20 18:52:23.093,98.77,1.0
2019-11-20 18:53:47.381,98.765,1.0
2019-11-20 19:04:14.729,98.775,62.0
2019-11-20 19:04:39.770,98.775,50.0
2019-11-20 19:08:42.146,98.775,1.0
2019-11-20 19:11:47.178,98.775,5.0
2019-11-20 19:16:06.420,98.77,5.0
2019-11-20 19:16:06.444,98.77,11.0
2019-11-20 19:17:24.596,98.77,5.0
2019-11-20 19:18:38.095,98.765,9.0
2019-11-20 19:18:44.203,98.765,6.0
2019-11-20 19:19:08.785,98.77,9.0
2019-11-20 19:19:08.804,98.77,1.0
2019-11-20 19:20:27.016,98.77,4.0
2019-11-20 19:23:47.898,98.77,2.0
2019-11-20 19:24:08.059,,5.0
2019-11-20 19:24:32.269,,2.0
2019-11-20 19:25:16.215,98.77,82.0
2019-11-20 19:25:41.136,,1.0
2019-11-20 19:29:07.879,98.775,364.0
2019-11-20 19:29:07.899,98.775,3.0
2019-11-20 19:29:07.899,98.775,3.0
2019-11-20 19:29:07.909,98.775,114.0
2019-11-20 19:29:07.917,98.775,46.0
2019-11-20 19:29:07.919,98.775,133.0
2019-11-20 19:29:07.929,98.775,46.0
2019-11-20 19:29:07.929,98.775,70.0
2019-11-20 19:30:59.759,98.775,2.0
2019-11-20 19:30:59.759,98.775,2.0
2019-11-20 19:31:12.851,98.775,2.0
2019-11-20 19:33:38.882,,2.0
2019-11-20 19:40:56.865,,100.0
2019-11-20 19:47:14.386,98.775,2.0
2019-11-20 19:47:14.757,98.775,46.0
2019-11-20 19:50:09.138,98.775,2.0
2019-11-20 19:50:46.428,98.775,2.0
2019-11-20 19:52:16.818,98.78,30.0
2019-11-20 19:52:16.826,98.78,1.0
2019-11-20 19:52:16.826,98.78,1.0
2019-11-20 19:52:16.878,98.78,1.0
2019-11-20 19:53:26.422,98.775,2.0
2019-11-20 20:02:11.290,98.775,2.0
2019-11-20 20:02:34.236,98.775,10.0
2019-11-20 20:02:34.316,98.775,39.0
2019-11-20 20:09:24.119,98.775,2.0
2019-11-20 20:12:24.041,98.775,6.0
2019-11-20 20:15:36.186,98.775,2.0
2019-11-20 20:15:36.206,,1.0
2019-11-20 20:20:18.284,98.775,10.0
2019-11-20 20:20:30.493,98.775,2.0
2019-11-20 20:20:30.505,,1.0
2019-11-20 20:23:18.727,98.775,2.0
2019-11-20 20:44:58.220,98.775,5.0
2019-11-20 20:49:33.915,98.77,4.0
2019-11-20 20:49:40.856,98.77,1.0
2019-11-20 20:59:44.338,,1.0
2019-11-20 21:02:06.421,,1.0
2019-11-20 21:13:32.866,98.77,11.0
2019-11-20 21:13:32.896,98.77,5.0
2019-11-20 21:15:29.771,98.765,5.0
2019-11-20 21:21:26.989,98.765,10.0
2019-11-20 21:21:51.551,98.765,3.0
2019-11-20 21:56:16.324,98.76,1.0
2019-11-20 21:56:41.151,,10.0
2019-11-20 21:56:41.162,,2.0
2019-11-21 00:03:56.546,98.78,5.0
2019-11-21 01:50:29.140,,19.0
2019-11-21 01:50:29.150,,37.0
2019-11-21 02:00:41.973,98.8,1.0
2019-11-21 02:00:41.994,98.8,27.0
2019-11-21 02:21:36.842,98.795,3.0
2019-11-21 02:21:36.842,98.795,41.0
2019-11-21 02:22:16.020,,2.0
2019-11-21 02:22:29.329,98.785,6.0
2019-11-21 06:27:44.407,,171.0
2019-11-21 07:00:41.904,98.775,11.0
2019-11-21 07:01:37.276,,1.0
2019-11-21 07:07:07.796,98.765,10.0
2019-11-21 07:07:48.680,98.76,24.0
2019-11-21 07:07:48.702,,12.0
2019-11-21 07:20:25.557,98.765,4.0
2019-11-21 07:20:25.557,98.765,15.0
2019-11-21 07:20:25.587,98.765,3.0
2019-11-21 07:30:37.924,98.77,2.0
2019-11-21 07:31:10.035,98.775,2.0
2019-11-21 07:31:10.335,98.775,1.0
2019-11-21 07:31:10.345,98.775,2.0
2019-11-21 07:31:10.346,98.775,8.0
2019-11-21 07:31:44.403,98.77,7.0
2019-11-21 07:31:47.191,98.77,61.0
2019-11-21 07:32:07.382,98.77,1.0
2019-11-21 07:33:43.547,,15.0
2019-11-21 07:50:35.539,98.77,2.0
2019-11-21 07:50:35.547,98.77,2.0
2019-11-21 08:05:41.603,98.77,3.0
2019-11-21 08:12:57.925,98.775,91.0
2019-11-21 08:21:34.850,98.77,3.0
2019-11-21 08:40:18.320,98.78,26.0
2019-11-21 08:40:18.339,98.78,44.0
2019-11-21 08:42:01.324,,1.0
2019-11-21 08:42:01.324,,1.0
2019-11-21 08:42:01.324,,121.0
2019-11-21 08:46:14.078,98.775,4.0
2019-11-21 08:46:14.078,98.775,81.0
2019-11-21 09:01:18.848,98.77,2.0
2019-11-21 09:01:18.858,98.77,63.0
2019-11-21 09:03:55.486,,1.0
2019-11-21 09:11:03.098,,2.0
2019-11-21 09:11:03.118,,1.0
2019-11-21 09:14:39.286,98.765,1.0
2019-11-21 09:18:39.401,98.765,8.0
2019-11-21 09:22:05.246,,15.0
2019-11-21 09:31:32.160,98.765,2.0
2019-11-21 09:31:32.162,98.765,26.0
2019-11-21 09:32:23.530,98.765,18.0
2019-11-21 09:32:27.808,98.765,1.0
2019-11-21 09:36:30.296,98.765,8.0
2019-11-21 09:36:30.304,98.765,4.0
2019-11-21 09:36:30.304,98.765,2.0
2019-11-21 09:44:03.886,98.765,5.0
2019-11-21 09:44:03.888,98.765,10.0
2019-11-21 09:48:28.880,98.76,1.0
2019-11-21 09:48:29.071,98.76,6.0
2019-11-21 10:07:47.921,,1.0
2019-11-21 10:07:50.061,,1.0
2019-11-21 10:07:50.462,,1.0
2019-11-21 10:21:13.683,98.75,3.0
2019-11-21 10:47:53.081,98.75,23.0
2019-11-21 11:59:02.429,98.755,1.0
2019-11-21 12:01:09.304,,15.0
2019-11-21 12:06:46.394,98.76,10.0
2019-11-21 12:06:46.394,,15.0
2019-11-21 12:30:32.759,98.76,10.0
2019-11-21 12:30:34.189,98.76,23.0
2019-11-21 12:32:42.281,98.76,3.0
2019-11-21 12:32:42.281,98.76,4.0
2019-11-21 12:32:42.281,98.76,3.0
2019-11-21 12:32:42.281,98.76,4.0
2019-11-21 12:32:42.283,98.76,3.0
2019-11-21 12:32:42.283,98.76,1.0
2019-11-21 12:32:42.283,98.76,2.0
2019-11-21 12:32:42.283,98.76,11.0
2019-11-21 12:34:43.437,98.76,10.0
2019-11-21 12:40:04.810,98.755,9.0
2019-11-21 12:40:05.302,98.755,1.0
2019-11-21 12:40:05.332,98.755,8.0
2019-11-21 12:40:10.832,98.755,2.0
2019-11-21 12:40:10.832,98.755,16.0
2019-11-21 12:40:11.340,98.755,1.0
2019-11-21 12:40:11.830,98.755,1.0
2019-11-21 12:40:11.852,98.755,7.0
2019-11-21 12:40:12.332,98.755,7.0
2019-11-21 12:40:12.832,98.755,1.0
2019-11-21 12:40:12.850,98.755,8.0
2019-11-21 12:40:13.330,98.755,1.0
2019-11-21 12:40:22.368,98.755,3.0
2019-11-21 12:42:46.902,98.755,2.0
2019-11-21 12:42:47.182,98.755,5.0
2019-11-21 12:43:12.767,98.755,79.0
2019-11-21 12:43:12.767,98.755,6.0
2019-11-21 12:45:42.455,98.76,1.0
2019-11-21 12:45:42.466,98.76,12.0
2019-11-21 12:45:42.466,98.76,2.0
2019-11-21 12:45:42.646,98.76,1.0
2019-11-21 12:45:42.646,98.76,9.0
2019-11-21 12:45:42.646,98.76,5.0
2019-11-21 12:48:23.992,98.76,15.0
2019-11-21 12:48:25.484,98.755,1.0
2019-11-21 12:48:25.514,98.76,6.0
2019-11-21 12:52:17.124,98.755,7.0
2019-11-21 12:55:53.439,98.755,17.0
2019-11-21 12:58:17.861,98.76,9.0
2019-11-21 12:58:19.163,98.755,1.0
2019-11-21 12:58:22.202,98.76,3.0
2019-11-21 12:58:41.229,98.76,8.0
2019-11-21 12:58:47.280,98.76,8.0
2019-11-21 13:01:13.801,98.76,1.0
2019-11-21 13:01:13.801,98.76,1.0
2019-11-21 13:02:08.393,98.76,4.0
2019-11-21 13:05:19.022,98.76,99.0
2019-11-21 13:06:06.020,98.76,2.0
2019-11-21 13:06:06.020,98.76,12.0
2019-11-21 13:06:17.048,98.76,4.0
2019-11-21 13:06:20.059,98.76,1.0
2019-11-21 13:06:20.079,98.76,16.0
2019-11-21 13:06:20.087,98.76,1.0
2019-11-21 13:06:20.087,98.76,15.0
2019-11-21 13:06:20.089,98.76,5.0
2019-11-21 13:06:22.588,98.76,10.0
2019-11-21 13:06:22.598,98.76,10.0
2019-11-21 13:07:28.059,98.76,38.0
2019-11-21 13:07:28.177,98.755,40.0
2019-11-21 13:07:28.208,98.755,3.0
2019-11-21 13:07:28.228,98.755,1.0
2019-11-21 13:07:28.246,98.755,3.0
2019-11-21 13:07:28.246,98.755,11.0
2019-11-21 13:07:28.246,98.755,1.0
2019-11-21 13:07:28.246,98.755,1.0
2019-11-21 13:07:28.247,98.755,1.0
2019-11-21 13:07:28.258,98.755,2.0
2019-11-21 13:07:28.258,98.755,1.0
2019-11-21 13:07:28.258,98.755,1.0
2019-11-21 13:07:28.258,98.755,1.0
2019-11-21 13:07:28.288,98.755,3.0
2019-11-21 13:07:28.288,98.755,6.0
2019-11-21 13:07:28.297,98.755,1.0
2019-11-21 13:07:28.308,98.755,1.0
2019-11-21 13:07:28.315,98.755,1.0
2019-11-21 13:07:28.318,98.755,3.0
2019-11-21 13:07:28.328,98.755,2.0
2019-11-21 13:07:28.328,98.755,1.0
2019-11-21 13:07:28.336,98.755,3.0
2019-11-21 13:07:28.336,98.755,12.0
2019-11-21 13:07:28.346,98.755,1.0
2019-11-21 13:07:28.346,98.755,3.0
2019-11-21 13:07:28.347,98.755,1.0
2019-11-21 13:07:28.347,98.755,1.0
2019-11-21 13:07:28.348,98.755,2.0
2019-11-21 13:07:28.348,98.755,1.0
2019-11-21 13:07:28.348,98.755,2.0
2019-11-21 13:07:28.358,98.755,2.0
2019-11-21 13:07:28.367,98.755,5.0
2019-11-21 13:07:28.367,98.755,2.0
2019-11-21 13:07:28.368,98.755,2.0
2019-11-21 13:07:28.368,98.755,3.0
2019-11-21 13:07:28.368,98.755,2.0
2019-11-21 13:07:28.368,98.755,1.0
2019-11-21 13:07:28.368,98.755,9.0
2019-11-21 13:07:28.368,98.755,2.0
2019-11-21 13:07:28.368,98.755,3.0
2019-11-21 13:07:28.378,98.755,2.0
2019-11-21 13:07:28.378,98.755,8.0
2019-11-21 13:07:28.378,98.755,4.0
2019-11-21 13:07:28.378,98.755,5.0
2019-11-21 13:07:28.387,98.755,2.0
2019-11-21 13:07:28.387,98.755,1.0
2019-11-21 13:07:28.388,98.755,1.0
2019-11-21 13:07:28.397,98.755,1.0
2019-11-21 13:07:28.398,98.755,3.0
2019-11-21 13:07:28.398,98.755,1.0
2019-11-21 13:07:28.418,98.755,6.0
2019-11-21 13:07:28.748,98.755,50.0
2019-11-21 13:07:28.748,98.755,13.0
2019-11-21 13:07:28.868,98.755,16.0
2019-11-21 13:07:31.590,98.75,11.0
2019-11-21 13:07:31.710,98.75,5.0
2019-11-21 13:07:44.062,98.75,1.0
2019-11-21 13:07:47.623,98.75,25.0
2019-11-21 13:07:50.151,98.75,17.0
2019-11-21 13:08:39.355,98.75,6.0
2019-11-21 13:09:00.404,98.75,14.0
2019-11-21 13:12:21.499,98.745,2.0
2019-11-21 13:12:34.249,98.745,20.0
2019-11-21 13:15:46.453,98.745,1.0
2019-11-21 13:15:46.473,98.745,1.0
2019-11-21 13:15:46.473,98.745,2.0
2019-11-21 13:24:24.091,,1.0
2019-11-21 13:24:24.091,98.755,6.0
2019-11-21 13:24:36.130,98.755,114.0
2019-11-21 13:31:08.891,98.75,3.0
2019-11-21 13:37:20.272,,10.0
2019-11-21 13:39:17.125,98.755,25.0
2019-11-21 13:46:18.466,98.755,25.0
2019-11-21 14:16:44.229,98.75,4.0
2019-11-21 14:16:44.709,98.75,2.0
2019-11-21 14:16:47.647,98.75,12.0
2019-11-21 14:21:10.989,98.745,20.0
2019-11-21 14:24:46.291,98.745,3.0
2019-11-21 14:24:46.291,98.745,2.0
2019-11-21 14:24:46.291,98.745,2.0
2019-11-21 14:24:46.291,98.745,1.0
2019-11-21 14:24:46.291,98.745,9.0
2019-11-21 14:24:46.293,98.745,2.0
2019-11-21 14:26:29.457,98.745,1.0
2019-11-21 14:26:29.457,98.745,1.0
2019-11-21 14:29:33.652,98.745,2.0
2019-11-21 14:32:31.101,98.74,30.0
2019-11-21 14:36:39.802,98.745,5.0
2019-11-21 14:37:27.417,98.745,2.0
2019-11-21 14:40:38.299,98.745,24.0
2019-11-21 14:46:24.713,98.745,15.0
2019-11-21 14:46:25.716,98.745,10.0
2019-11-21 14:46:26.215,98.745,1.0
2019-11-21 14:46:28.225,98.745,5.0
2019-11-21 14:46:32.744,98.74,1.0
2019-11-21 15:13:44.717,98.74,2.0
2019-11-21 15:16:59.800,98.745,2.0
2019-11-21 15:21:08.136,98.75,4.0
2019-11-21 15:21:08.136,98.75,1.0
2019-11-21 15:21:08.146,98.75,1.0
2019-11-21 15:22:33.070,98.755,113.0
2019-11-21 15:22:33.070,98.755,30.0
2019-11-21 15:23:04.732,98.755,2.0
2019-11-21 15:23:07.242,98.755,1.0
2019-11-21 15:23:08.262,98.755,1.0
2019-11-21 15:23:09.773,98.755,1.0
2019-11-21 15:24:12.029,98.755,1.0
2019-11-21 15:25:05.975,98.76,2.0
2019-11-21 15:44:25.486,98.755,1.0
2019-11-21 15:47:44.335,98.76,2.0
2019-11-21 16:04:44.328,98.755,5.0
2019-11-21 16:09:01.352,,1.0
2019-11-21 16:12:51.864,,2.0
2019-11-21 16:14:11.088,98.755,14.0
2019-11-21 16:14:11.576,98.755,7.0
2019-11-21 16:16:43.646,98.76,2.0
2019-11-21 16:18:35.924,98.755,1.0
2019-11-21 16:21:28.323,98.755,2.0
2019-11-21 16:21:55.074,98.755,2.0
2019-11-21 16:21:55.074,98.755,6.0
2019-11-21 16:21:55.232,98.755,5.0
2019-11-21 16:21:55.232,98.755,1.0
2019-11-21 16:21:55.282,98.755,10.0
2019-11-21 16:21:55.282,98.755,21.0
2019-11-21 16:21:55.282,98.755,2.0
2019-11-21 16:21:55.284,98.755,11.0
2019-11-21 16:22:01.296,98.755,2.0
2019-11-21 16:22:02.285,98.75,14.0
2019-11-21 16:31:31.035,98.755,1.0
2019-11-21 16:42:52.611,98.76,2.0
2019-11-21 16:42:53.960,98.755,5.0
2019-11-21 16:47:57.200,98.755,10.0
2019-11-21 16:50:38.345,98.755,1.0
2019-11-21 16:50:40.375,98.755,16.0
2019-11-21 16:51:45.539,98.755,6.0
2019-11-21 16:51:46.506,98.755,5.0
2019-11-21 16:51:47.849,98.755,52.0
2019-11-21 16:51:48.162,98.755,1.0
2019-11-21 16:57:26.893,98.755,7.0
2019-11-21 16:57:26.903,98.755,16.0
2019-11-21 16:57:26.912,98.755,1.0
2019-11-21 16:57:26.922,98.755,1.0
2019-11-21 16:57:27.382,98.755,2.0
2019-11-21 16:57:29.212,98.755,24.0
2019-11-21 16:57:29.232,98.755,10.0
2019-11-21 16:57:29.242,98.755,1.0
2019-11-21 16:57:29.340,98.755,5.0
2019-11-21 16:57:32.582,98.75,14.0
2019-11-21 16:57:33.340,98.75,2.0
2019-11-21 17:05:36.828,98.75,10.0
2019-11-21 17:07:12.834,98.75,4.0
2019-11-21 17:07:18.024,98.75,1.0
2019-11-21 17:07:39.580,,4.0
2019-11-21 17:11:25.292,98.75,1.0
2019-11-21 17:35:44.141,98.75,14.0
2019-11-21 17:35:44.641,98.75,13.0
2019-11-21 17:35:51.182,98.75,16.0
2019-11-21 17:36:14.793,98.755,2.0
2019-11-21 17:36:54.960,98.755,6.0
2019-11-21 17:36:55.982,98.75,15.0
2019-11-21 17:36:56.500,98.75,1.0
2019-11-21 17:36:56.512,98.75,15.0
2019-11-21 17:36:56.981,98.75,10.0
2019-11-21 17:38:50.509,98.75,5.0
2019-11-21 17:57:55.359,98.75,1.0
2019-11-21 17:58:26.011,98.745,1.0
2019-11-21 17:58:27.030,98.745,1.0
2019-11-21 17:58:28.541,98.75,2.0
2019-11-21 17:58:30.682,98.745,8.0
2019-11-21 17:58:31.342,98.745,7.0
2019-11-21 17:59:23.949,98.75,2.0
2019-11-21 17:59:42.113,98.75,10.0
2019-11-21 17:59:42.421,98.75,4.0
2019-11-21 18:14:35.891,98.745,1.0
2019-11-21 18:14:35.921,98.745,1.0
2019-11-21 18:14:35.961,98.745,1.0
2019-11-21 18:14:35.961,98.745,2.0
2019-11-21 18:37:53.580,98.745,1.0
2019-11-21 18:38:36.505,98.745,1.0
2019-11-21 18:38:36.625,98.745,10.0
2019-11-21 18:38:36.625,98.74,3.0
2019-11-21 18:38:37.145,98.745,14.0
2019-11-21 18:38:37.635,98.745,1.0
2019-11-21 18:41:26.000,98.74,5.0
2019-11-21 18:41:26.060,98.74,1.0
2019-11-21 18:41:26.489,98.74,6.0
2019-11-21 18:57:55.778,98.745,2.0
2019-11-21 19:15:40.991,98.745,4.0
2019-11-21 19:27:35.448,98.745,1.0
2019-11-21 19:28:41.859,98.75,7.0
2019-11-21 19:35:17.786,98.75,10.0
2019-11-21 19:44:40.302,98.745,3.0
2019-11-21 19:45:15.499,98.745,12.0
2019-11-21 19:45:15.499,98.745,1.0
2019-11-21 19:45:23.138,98.745,2.0
2019-11-21 19:45:27.408,98.745,1.0
2019-11-21 19:45:30.847,98.745,1.0
2019-11-21 19:54:21.282,98.745,10.0
2019-11-21 19:59:08.719,98.75,1.0
2019-11-21 20:12:10.412,98.75,7.0
2019-11-21 20:23:34.773,,3.0
2019-11-21 20:35:35.897,98.75,1.0
2019-11-21 20:39:56.204,98.75,2.0
2019-11-21 20:48:53.534,98.75,1.0
2019-11-21 20:48:53.566,98.75,1.0
2019-11-21 20:48:53.596,98.75,1.0
2019-11-21 20:48:53.606,98.75,1.0
2019-11-21 20:48:53.624,98.75,1.0
2019-11-21 20:48:53.635,98.75,1.0
2019-11-21 20:54:34.240,98.745,3.0
2019-11-21 20:55:18.471,98.745,1.0
2019-11-21 20:58:43.934,98.75,5.0
2019-11-21 20:59:31.511,98.75,2.0
2019-11-21 21:03:13.812,98.75,23.0
2019-11-21 21:30:31.709,98.745,1.0
2019-11-22 07:12:47.334,,3.0
2019-11-22 07:48:34.787,98.745,39.0
2019-11-22 08:08:48.228,98.74,2.0
2019-11-22 08:08:48.250,98.74,3.0
2019-11-22 08:15:00.915,98.74,1.0
2019-11-22 08:15:02.345,98.74,10.0
2019-11-22 08:16:01.249,98.735,14.0
2019-11-22 08:16:14.530,,4.0
2019-11-22 08:24:16.249,98.74,7.0
2019-11-22 08:29:34.850,98.74,2.0
2019-11-22 08:29:34.868,98.74,2.0
2019-11-22 08:29:34.868,98.74,2.0
2019-11-22 08:29:34.868,98.74,2.0
2019-11-22 08:29:34.878,98.74,1.0
2019-11-22 08:29:34.878,98.74,23.0
2019-11-22 08:29:34.878,98.74,3.0
2019-11-22 08:29:34.880,98.74,1.0
2019-11-22 08:37:09.838,98.74,85.0
2019-11-22 08:46:36.364,98.74,4.0
2019-11-22 08:59:55.499,,2.0
2019-11-22 09:06:51.953,98.75,2.0
2019-11-22 09:08:43.348,98.75,4.0
2019-11-22 09:08:43.358,98.75,1.0
2019-11-22 09:08:43.368,98.75,11.0
2019-11-22 09:08:43.368,98.75,7.0
2019-11-22 09:18:46.965,98.755,7.0
2019-11-22 09:19:23.663,,1.0
2019-11-22 09:30:26.679,,2.0
2019-11-22 09:40:35.660,98.76,5.0
2019-11-22 09:56:57.782,,2.0
2019-11-22 09:57:02.932,,2.0
2019-11-22 09:57:28.450,,15.0
2019-11-22 10:00:16.721,98.755,1.0
2019-11-22 10:00:16.721,98.755,5.0
2019-11-22 10:53:28.158,,2.0
2019-11-22 11:05:47.574,98.76,17.0
2019-11-22 12:17:40.300,98.765,2.0
2019-11-22 12:17:40.309,98.765,20.0
2019-11-22 12:22:58.855,98.765,1.0
2019-11-22 12:37:44.522,98.76,1.0
2019-11-22 12:37:46.074,98.76,1.0
2019-11-22 13:00:21.167,,2.0
2019-11-22 13:00:21.179,,6.0
2019-11-22 13:10:55.427,98.76,4.0
2019-11-22 13:12:20.790,,1.0
2019-11-22 13:12:20.900,,1.0
2019-11-22 13:12:42.516,,1.0
2019-11-22 13:12:42.525,,1.0
2019-11-22 13:12:48.265,,2.0
2019-11-22 13:12:48.265,,2.0
2019-11-22 13:13:42.607,,1.0
2019-11-22 13:21:11.456,98.765,10.0
2019-11-22 13:21:11.466,98.765,7.0
2019-11-22 13:21:11.466,98.765,1.0
2019-11-22 13:21:11.466,98.765,1.0
2019-11-22 13:21:11.466,98.765,4.0
2019-11-22 13:44:28.051,,1.0
2019-11-22 13:44:28.101,,1.0
2019-11-22 13:45:04.520,98.755,52.0
2019-11-22 13:45:04.633,98.755,7.0
2019-11-22 13:45:31.382,98.755,18.0
2019-11-22 13:45:31.382,98.755,7.0
2019-11-22 13:45:31.384,98.755,5.0
2019-11-22 13:54:50.230,98.75,33.0
2019-11-22 13:54:50.240,98.75,2.0
2019-11-22 14:20:09.303,98.75,2.0
2019-11-22 14:33:17.324,98.75,47.0
2019-11-22 14:36:07.082,98.755,9.0
2019-11-22 14:36:07.082,98.755,66.0
2019-11-22 14:38:20.436,98.755,10.0
2019-11-22 14:45:09.460,98.74,1.0
2019-11-22 14:48:51.570,98.74,2.0
2019-11-22 14:48:51.580,98.74,31.0
2019-11-22 14:48:59.043,98.74,1.0
2019-11-22 14:48:59.053,98.74,26.0
2019-11-22 14:50:07.300,98.74,41.0
2019-11-22 14:50:30.554,98.74,4.0
2019-11-22 14:50:46.285,98.74,6.0
2019-11-22 14:50:46.293,98.74,59.0
2019-11-22 14:58:25.926,98.735,10.0
2019-11-22 14:59:58.320,98.735,5.0
2019-11-22 15:00:18.605,,10.0
2019-11-22 15:00:28.989,98.735,1.0
2019-11-22 15:00:28.997,98.735,1.0
2019-11-22 15:00:28.997,98.735,1.0
2019-11-22 15:00:28.999,98.735,1.0
2019-11-22 15:00:28.999,98.735,1.0
2019-11-22 15:00:28.999,98.735,1.0
2019-11-22 15:13:25.062,98.74,23.0
2019-11-22 15:14:02.585,98.74,1.0
2019-11-22 15:14:06.126,,3.0
2019-11-22 15:27:20.350,,5.0
2019-11-22 15:37:10.347,98.74,4.0
2019-11-22 15:37:10.347,98.74,18.0
2019-11-22 16:04:59.096,98.745,15.0
2019-11-22 16:04:59.804,98.745,10.0
2019-11-22 16:04:59.806,98.745,14.0
2019-11-22 16:07:22.070,98.745,92.0
2019-11-22 16:22:29.743,,1.0
2019-11-22 16:35:06.783,98.74,11.0
2019-11-22 16:36:03.151,98.735,4.0
2019-11-22 16:36:04.143,98.74,4.0
2019-11-22 16:36:04.153,98.74,57.0
2019-11-22 16:36:04.643,98.735,1.0
2019-11-22 16:36:05.163,98.74,7.0
2019-11-22 16:37:27.063,98.74,2.0
2019-11-22 16:37:27.071,98.74,1.0
2019-11-22 16:37:27.071,98.74,2.0
2019-11-22 16:37:27.071,98.74,1.0
2019-11-22 16:37:27.071,98.74,1.0
2019-11-22 16:37:27.071,98.74,1.0
2019-11-22 16:37:27.071,98.74,1.0
2019-11-22 16:37:27.071,98.74,2.0
2019-11-22 16:37:27.071,98.74,1.0
2019-11-22 16:37:27.071,98.74,1.0
2019-11-22 16:37:27.073,98.74,1.0
2019-11-22 16:37:27.073,98.74,1.0
2019-11-22 16:37:27.073,98.74,1.0
2019-11-22 16:37:37.852,98.74,1.0
2019-11-22 16:38:57.739,98.74,27.0
2019-11-22 16:38:57.750,98.74,3.0
2019-11-22 16:53:01.318,98.74,1.0
2019-11-22 16:53:36.856,98.74,1.0
2019-11-22 16:57:52.139,,2.0
2019-11-22 16:58:45.121,,1.0
2019-11-22 16:58:45.773,,1.0
2019-11-22 16:58:45.783,,1.0
2019-11-22 16:58:45.993,,1.0
2019-11-22 16:58:47.513,98.74,3.0
2019-11-22 16:58:47.823,98.74,1.0
2019-11-22 16:58:47.823,98.74,1.0
2019-11-22 16:59:06.041,98.74,2.0
2019-11-22 17:01:02.517,98.74,10.0
2019-11-22 17:08:58.804,98.74,2.0
2019-11-22 17:08:58.812,98.74,83.0
2019-11-22 17:08:58.812,98.74,114.0
2019-11-22 17:08:58.812,98.74,301.0
2019-11-22 17:09:08.474,98.74,31.0
2019-11-22 17:12:10.553,98.74,2.0
2019-11-22 17:12:10.553,98.74,52.0
2019-11-22 17:29:45.954,,4.0
2019-11-22 17:41:43.519,98.735,71.0
2019-11-22 17:41:43.638,98.735,79.0
2019-11-22 17:41:44.069,98.735,113.0
2019-11-22 17:41:45.438,98.73,3.0
2019-11-22 17:41:45.788,98.73,1.0
2019-11-22 17:41:52.866,98.73,110.0
2019-11-22 17:41:53.298,98.73,1.0
2019-11-22 17:43:57.042,,5.0
2019-11-22 17:43:57.042,,55.0
2019-11-22 17:46:46.104,98.73,1.0
2019-11-22 17:46:46.114,98.73,1.0
2019-11-22 17:46:46.114,98.73,1.0
2019-11-22 17:46:46.114,98.73,1.0
2019-11-22 17:47:08.225,98.73,1.0
2019-11-22 17:47:12.043,98.73,1.0
2019-11-22 17:47:12.065,98.73,1.0
2019-11-22 17:47:12.085,98.73,116.0
2019-11-22 17:49:21.808,98.725,1.0
2019-11-22 17:51:43.072,98.725,2.0
2019-11-22 17:51:43.072,98.725,4.0
2019-11-22 17:51:43.092,,4.0
2019-11-22 17:54:24.577,98.725,2.0
2019-11-22 17:58:34.572,98.725,131.0
2019-11-22 18:16:39.306,,5.0
2019-11-22 18:26:53.202,98.725,1.0
2019-11-22 19:24:35.838,98.725,11.0
2019-11-22 19:34:57.904,98.725,100.0
2019-11-22 19:35:31.080,98.725,1.0
2019-11-22 19:43:26.168,98.725,101.0
2019-11-22 19:46:24.147,98.72,1.0
2019-11-22 19:46:24.637,98.72,1.0
2019-11-22 19:47:50.857,98.72,4.0
2019-11-22 19:54:00.769,98.72,2.0
2019-11-22 20:06:44.210,98.725,150.0
2019-11-22 20:07:02.701,98.725,62.0
2019-11-22 20:07:02.721,98.725,17.0
2019-11-22 20:31:23.031,98.73,1.0
2019-11-22 20:31:23.439,98.73,2.0
2019-11-22 20:31:23.730,98.73,1.0
2019-11-22 20:31:38.539,98.73,3.0
2019-11-22 20:31:38.541,98.73,1.0
2019-11-22 20:31:39.901,98.725,1.0
2019-11-22 20:39:38.864,98.73,25.0
2019-11-22 20:39:51.053,98.73,28.0
2019-11-22 20:39:51.153,98.73,7.0
2019-11-22 20:39:51.260,98.73,29.0
2019-11-22 20:51:03.735,98.73,16.0
2019-11-22 20:51:04.234,98.73,16.0
2019-11-22 20:51:08.754,98.73,1.0
2019-11-22 20:51:10.274,98.73,7.0
2019-11-22 20:54:37.753,98.73,3.0
2019-11-22 21:04:23.647,,15.0
2019-11-22 21:04:24.596,,15.0
2019-11-22 21:04:55.364,98.73,1.0
2019-11-22 21:16:51.409,98.73,7.0
2019-11-22 21:16:51.417,98.73,46.0
2019-11-22 21:16:51.417,98.73,15.0
2019-11-22 21:16:51.419,98.73,8.0
2019-11-22 21:25:42.626,98.725,6.0
2019-11-24 23:42:14.069,,1.0
2019-11-25 00:00:35.821,98.72,1.0
2019-11-25 00:00:51.999,98.72,1.0
2019-11-25 01:21:54.062,98.715,3.0
2019-11-25 01:21:56.912,98.715,2.0
2019-11-25 01:22:15.159,98.715,1.0
2019-11-25 01:22:15.161,98.715,17.0
2019-11-25 06:35:20.609,98.715,1.0
2019-11-25 07:14:56.365,98.715,24.0
2019-11-25 07:14:56.384,,12.0
2019-11-25 07:21:26.660,98.715,24.0
2019-11-25 07:21:26.671,,12.0
2019-11-25 07:21:46.507,98.715,10.0
2019-11-25 07:21:48.589,98.715,24.0
2019-11-25 07:21:48.658,,12.0
2019-11-25 08:01:34.520,98.72,10.0
2019-11-25 08:09:32.591,98.715,2.0
2019-11-25 08:23:38.886,98.72,1.0
2019-11-25 08:24:58.037,98.72,6.0
2019-11-25 08:27:59.502,98.715,2.0
2019-11-25 09:21:42.024,98.71,2.0
2019-11-25 09:21:42.032,98.71,1.0
2019-11-25 09:21:42.032,98.71,1.0
2019-11-25 09:21:42.032,98.71,1.0
2019-11-25 09:21:42.074,98.71,6.0
2019-11-25 10:00:46.131,98.71,6.0
2019-11-25 10:22:03.813,98.71,1.0
2019-11-25 10:51:57.348,98.71,1.0
2019-11-25 11:10:37.002,98.71,40.0
2019-11-25 13:15:04.191,98.7,5.0
2019-11-25 13:15:04.191,98.7,5.0
2019-11-25 13:15:04.191,98.7,1.0
2019-11-25 13:15:04.191,98.7,6.0
2019-11-25 13:15:04.191,98.7,2.0
2019-11-25 13:15:04.251,98.7,2.0
2019-11-25 13:15:05.382,98.7,2.0
2019-11-25 13:15:05.404,98.7,8.0
2019-11-25 13:16:37.523,98.7,4.0
2019-11-25 13:20:01.378,98.7,12.0
2019-11-25 13:20:01.378,98.7,2.0
2019-11-25 13:30:30.301,98.705,1.0
2019-11-25 13:31:08.654,98.705,1.0
2019-11-25 13:31:08.696,98.705,12.0
2019-11-25 13:31:39.825,98.705,11.0
2019-11-25 13:31:39.825,98.705,3.0
2019-11-25 13:31:39.953,98.705,11.0
2019-11-25 13:31:39.953,98.705,2.0
2019-11-25 13:31:40.063,98.705,5.0
2019-11-25 13:31:40.065,98.705,1.0
2019-11-25 13:34:32.718,98.705,6.0
2019-11-25 13:34:32.718,98.705,3.0
2019-11-25 13:37:50.131,98.705,2.0
2019-11-25 13:37:50.131,98.705,2.0
2019-11-25 13:37:50.131,98.705,62.0
2019-11-25 13:43:30.145,98.7,9.0
2019-11-25 13:43:30.145,98.7,1.0
2019-11-25 13:43:30.165,98.7,1.0
2019-11-25 13:43:30.165,98.7,1.0
2019-11-25 13:43:30.203,98.7,1.0
2019-11-25 13:44:06.062,98.7,2.0
2019-11-25 13:44:06.070,98.7,1.0
2019-11-25 13:44:06.070,98.7,43.0
2019-11-25 13:44:06.082,98.7,11.0
2019-11-25 13:51:24.920,98.7,37.0
2019-11-25 13:51:24.920,98.7,3.0
2019-11-25 13:52:22.866,98.7,10.0
2019-11-25 13:52:22.866,98.7,2.0
2019-11-25 13:52:22.874,98.7,20.0
2019-11-25 13:52:22.874,98.7,5.0
2019-11-25 13:52:22.874,98.7,4.0
2019-11-25 13:59:37.734,98.705,34.0
2019-11-25 14:01:09.788,,1.0
2019-11-25 14:01:21.827,,1.0
2019-11-25 14:01:21.827,,31.0
2019-11-25 14:01:21.827,,9.0
2019-11-25 14:01:31.397,,1.0
2019-11-25 14:01:31.407,,16.0
2019-11-25 14:01:31.547,,2.0
2019-11-25 14:03:50.925,98.705,1.0
2019-11-25 14:05:30.133,98.705,13.0
2019-11-25 14:05:30.141,98.705,10.0
2019-11-25 14:08:01.000,,1.0
2019-11-25 14:08:01.010,,89.0
2019-11-25 14:08:01.787,,1.0
2019-11-25 14:10:54.237,98.705,17.0
2019-11-25 14:10:54.237,98.705,89.0
2019-11-25 14:10:54.267,98.705,2.0
2019-11-25 14:10:54.357,98.705,10.0
2019-11-25 14:11:13.686,98.705,134.0
2019-11-25 14:11:22.904,98.705,47.0
2019-11-25 14:28:47.329,,3.0
2019-11-25 14:34:41.779,98.71,3.0
2019-11-25 14:34:41.781,98.71,2.0
2019-11-25 14:34:41.782,98.71,1.0
2019-11-25 14:34:41.782,98.71,4.0
2019-11-25 14:34:41.789,98.71,6.0
2019-11-25 14:34:41.791,98.71,5.0
2019-11-25 14:34:41.791,98.71,1.0
2019-11-25 14:34:41.852,98.71,5.0
2019-11-25 14:34:41.852,98.71,6.0
2019-11-25 14:34:42.682,98.71,4.0
2019-11-25 14:34:48.431,98.71,1.0
2019-11-25 14:34:48.743,98.71,46.0
2019-11-25 14:39:08.670,,1.0
2019-11-25 14:39:48.784,98.705,21.0
2019-11-25 14:39:48.784,,68.0
2019-11-25 14:39:48.784,,4.0
2019-11-25 14:39:48.784,,6.0
2019-11-25 14:40:56.406,,1.0
2019-11-25 14:40:56.416,,75.0
2019-11-25 14:40:56.416,,1.0
2019-11-25 14:40:56.416,,7.0
2019-11-25 14:40:56.416,,16.0
2019-11-25 14:41:47.118,,2.0
2019-11-25 14:41:57.558,,1.0
2019-11-25 14:41:57.578,,48.0
2019-11-25 14:41:57.588,,20.0
2019-11-25 14:41:57.626,,1.0
2019-11-25 14:41:57.628,,29.0
2019-11-25 14:41:57.679,,1.0
2019-11-25 14:41:57.679,,15.0
2019-11-25 14:41:57.708,,36.0
2019-11-25 14:42:14.560,,31.0
2019-11-25 14:42:15.271,,30.0
2019-11-25 14:42:47.247,,50.0
2019-11-25 14:44:38.021,98.705,127.0
2019-11-25 14:44:38.033,98.705,73.0
2019-11-25 14:45:45.122,98.705,55.0
2019-11-25 14:49:07.026,98.71,132.0
2019-11-25 14:50:43.726,,6.0
2019-11-25 14:54:01.978,98.715,16.0
2019-11-25 14:54:02.000,,24.0
2019-11-25 14:54:02.000,,22.0
2019-11-25 14:54:02.110,98.715,1.0
2019-11-25 14:54:18.382,98.715,103.0
2019-11-25 14:54:18.382,98.715,4.0
2019-11-25 14:54:18.382,,20.0
2019-11-25 14:54:18.431,98.715,1.0
2019-11-25 14:54:18.442,98.715,1.0
2019-11-25 14:55:05.992,98.715,7.0
2019-11-25 14:56:00.426,98.715,9.0
2019-11-25 14:57:03.376,98.715,2.0
2019-11-25 14:59:16.325,98.715,40.0
2019-11-25 14:59:37.008,98.715,5.0
2019-11-25 15:43:36.013,98.71,10.0
2019-11-25 15:49:23.205,98.705,3.0
2019-11-25 16:00:31.544,98.71,117.0
2019-11-25 16:16:16.438,98.715,5.0
2019-11-25 16:16:16.448,98.715,6.0
2019-11-25 16:16:16.458,98.715,5.0
2019-11-25 16:16:16.458,98.715,6.0
2019-11-25 16:16:16.458,98.715,2.0
2019-11-25 16:16:16.458,98.715,5.0
2019-11-25 16:16:16.458,98.715,2.0
2019-11-25 16:16:16.458,98.715,1.0
2019-11-25 16:16:16.458,98.715,4.0
2019-11-25 16:16:16.458,98.715,3.0
2019-11-25 16:16:16.458,98.715,1.0
2019-11-25 16:16:16.458,98.715,2.0
2019-11-25 16:16:16.458,98.715,1.0
2019-11-25 16:16:16.458,98.715,2.0
2019-11-25 16:16:16.459,98.715,1.0
2019-11-25 16:16:16.470,98.715,2.0
2019-11-25 16:20:32.014,98.715,117.0
2019-11-25 16:21:21.964,98.715,5.0
2019-11-25 16:42:02.685,98.71,3.0
2019-11-25 16:51:18.201,98.71,60.0
2019-11-25 17:03:54.856,98.71,7.0
2019-11-25 17:31:02.550,98.705,2.0
2019-11-25 17:31:02.600,98.705,2.0
2019-11-25 17:31:02.640,98.705,2.0
2019-11-25 17:31:02.672,98.705,2.0
2019-11-25 17:31:46.897,98.705,2.0
2019-11-25 17:55:24.271,98.705,19.0
2019-11-25 17:55:24.271,98.705,1.0
2019-11-25 17:58:33.080,98.705,7.0
2019-11-25 17:58:55.460,98.705,2.0
2019-11-25 17:59:01.021,98.705,4.0
2019-11-25 17:59:05.910,98.705,9.0
2019-11-25 18:00:42.567,98.705,10.0
2019-11-25 18:05:37.740,98.705,7.0
2019-11-25 18:05:37.752,98.705,1.0
2019-11-25 18:05:37.792,98.705,10.0
2019-11-25 18:05:37.792,98.705,5.0
2019-11-25 18:16:24.735,98.705,51.0
2019-11-25 21:32:54.056,98.715,1.0
2019-11-25 21:32:54.216,,2.0
2019-11-25 21:32:54.285,,4.0
2019-11-25 21:32:54.306,,3.0
2019-11-25 21:32:54.336,,11.0
2019-11-25 21:32:54.396,,2.0
2019-11-25 21:32:54.656,,2.0
2019-11-25 21:33:28.115,,1.0
2019-11-25 21:46:10.681,,1.0
2019-11-25 21:46:10.681,,3.0
2019-11-25 21:46:10.691,,2.0
2019-11-26 01:42:44.974,98.71,10.0
2019-11-26 07:59:01.693,98.705,2.0
2019-11-26 07:59:01.705,98.705,22.0
2019-11-26 08:27:28.864,98.715,11.0
2019-11-26 08:27:36.054,98.715,5.0
2019-11-26 08:47:57.470,98.715,33.0
2019-11-26 09:00:22.560,98.71,1.0
2019-11-26 09:00:22.568,98.71,3.0
2019-11-26 09:09:29.320,98.71,5.0
2019-11-26 09:15:01.543,98.715,3.0
2019-11-26 09:38:56.699,98.715,4.0
2019-11-26 09:38:56.699,98.715,6.0
2019-11-26 10:16:50.563,98.715,5.0
2019-11-26 12:08:22.582,98.715,3.0
2019-11-26 12:21:11.626,98.71,1.0
2019-11-26 12:49:54.342,98.71,36.0
2019-11-26 12:57:10.804,,100.0
2019-11-26 12:57:12.753,,100.0
2019-11-26 12:57:22.612,,100.0
2019-11-26 12:57:24.192,,46.0
2019-11-26 12:57:26.033,,34.0
2019-11-26 12:57:27.673,,21.0
2019-11-26 12:57:28.672,,49.0
2019-11-26 12:57:29.313,,80.0
2019-11-26 12:57:32.202,,45.0
2019-11-26 12:57:34.251,,9.0
2019-11-26 12:57:35.311,,64.0
2019-11-26 12:57:36.061,,8.0
2019-11-26 12:57:37.939,,8.0
2019-11-26 12:57:39.643,,4.0
2019-11-26 12:57:40.533,,10.0
2019-11-26 12:57:41.340,,8.0
2019-11-26 12:57:44.621,,38.0
2019-11-26 12:57:45.602,,5.0
2019-11-26 12:57:46.912,,31.0
2019-11-26 12:57:54.841,,1.0
2019-11-26 12:57:55.331,,5.0
2019-11-26 12:57:57.281,,6.0
2019-11-26 12:57:59.171,,85.0
2019-11-26 12:58:00.670,,5.0
2019-11-26 12:58:02.341,,2.0
2019-11-26 12:58:04.040,,40.0
2019-11-26 12:58:06.322,,100.0
2019-11-26 12:58:07.892,,15.0
2019-11-26 12:58:09.601,,72.0
2019-11-26 12:58:11.530,,87.0
2019-11-26 12:58:12.980,,22.0
2019-11-26 12:58:13.370,,22.0
2019-11-26 12:58:18.010,,100.0
2019-11-26 12:58:19.569,,22.0
2019-11-26 12:58:21.529,,28.0
2019-11-26 12:58:46.237,,16.0
2019-11-26 12:59:28.825,,9.0
2019-11-26 12:59:31.865,,1.0
2019-11-26 12:59:35.683,,10.0
2019-11-26 12:59:39.104,,1.0
2019-11-26 13:16:28.168,98.715,7.0
2019-11-26 13:16:28.328,98.715,5.0
2019-11-26 13:16:28.330,98.715,7.0
2019-11-26 13:16:28.439,98.715,76.0
2019-11-26 13:16:31.657,98.715,20.0
2019-11-26 13:16:38.708,,30.0
2019-11-26 13:21:47.494,98.715,3.0
2019-11-26 13:22:20.602,98.715,1.0
2019-11-26 13:22:24.990,98.715,10.0
2019-11-26 13:22:25.192,98.715,10.0
2019-11-26 13:22:40.368,98.715,2.0
2019-11-26 13:22:40.380,98.715,1.0
2019-11-26 13:22:48.820,98.715,1.0
2019-11-26 13:22:48.950,98.715,1.0
2019-11-26 13:22:49.069,98.715,8.0
2019-11-26 13:24:06.364,,24.0
2019-11-26 13:24:06.364,,1.0
2019-11-26 13:24:10.424,98.72,1.0
2019-11-26 13:24:10.434,98.72,1.0
2019-11-26 13:24:10.444,98.72,1.0
2019-11-26 13:24:10.444,98.72,1.0
2019-11-26 13:24:10.454,98.72,1.0
2019-11-26 13:24:10.454,98.72,1.0
2019-11-26 13:24:10.462,98.72,1.0
2019-11-26 13:24:10.462,98.72,1.0
2019-11-26 13:29:58.460,98.72,3.0
2019-11-26 13:33:56.048,98.72,7.0
2019-11-26 13:57:10.148,98.72,11.0
2019-11-26 14:03:04.364,98.72,1.0
2019-11-26 14:03:04.364,98.72,1.0
2019-11-26 14:03:04.456,98.72,1.0
2019-11-26 14:03:04.715,98.72,6.0
2019-11-26 14:05:15.223,98.72,30.0
2019-11-26 14:13:06.732,98.72,14.0
2019-11-26 14:13:32.717,,119.0
2019-11-26 14:17:38.384,,5.0
2019-11-26 14:18:10.191,98.72,58.0
2019-11-26 14:19:35.341,98.715,1.0
2019-11-26 14:19:35.349,98.715,1.0
2019-11-26 14:19:35.351,98.715,1.0
2019-11-26 14:19:35.351,98.715,1.0
2019-11-26 14:21:02.373,98.715,2.0
2019-11-26 14:21:26.182,98.715,13.0
2019-11-26 14:22:01.089,98.715,2.0
2019-11-26 14:24:54.955,98.715,25.0
2019-11-26 14:27:10.773,98.715,1.0
2019-11-26 14:28:05.563,98.715,1.0
2019-11-26 14:29:28.595,98.715,4.0
2019-11-26 14:29:28.595,98.715,4.0
2019-11-26 14:37:55.650,98.72,3.0
2019-11-26 14:37:55.661,98.72,3.0
2019-11-26 14:40:07.874,,5.0
2019-11-26 14:43:53.354,98.72,6.0
2019-11-26 14:51:25.892,,5.0
2019-11-26 14:51:49.774,98.72,1.0
2019-11-26 14:51:49.792,98.72,1.0
2019-11-26 14:54:36.931,98.72,1.0
2019-11-26 15:12:26.763,,29.0
2019-11-26 15:12:26.773,,35.0
2019-11-26 15:12:46.231,98.72,3.0
2019-11-26 15:15:12.065,,1.0
2019-11-26 15:19:31.338,98.725,19.0
2019-11-26 15:19:32.239,98.725,5.0
2019-11-26 15:29:12.294,98.725,4.0
2019-11-26 15:29:33.406,98.725,35.0
2019-11-26 15:30:58.396,98.725,1.0
2019-11-26 15:30:58.406,98.725,1.0
2019-11-26 15:42:02.514,98.725,2.0
2019-11-26 15:43:26.578,98.725,2.0
2019-11-26 15:43:42.720,98.725,6.0
2019-11-26 15:43:42.738,98.725,5.0
2019-11-26 15:43:42.738,98.725,4.0
2019-11-26 15:43:42.750,98.725,3.0
2019-11-26 15:48:23.013,,10.0
2019-11-26 15:48:43.503,,15.0
2019-11-26 15:48:57.343,,4.0
2019-11-26 15:56:16.174,98.725,36.0
2019-11-26 16:02:28.235,98.725,1.0
2019-11-26 16:05:55.951,98.725,4.0
2019-11-26 16:07:06.104,98.725,4.0
2019-11-26 16:12:37.608,98.725,2.0
2019-11-26 16:12:37.648,98.725,33.0
2019-11-26 16:13:51.829,98.725,1.0
2019-11-26 16:36:24.950,98.725,30.0
2019-11-26 16:36:24.960,98.725,5.0
2019-11-26 16:37:34.972,98.725,4.0
2019-11-26 16:49:49.924,98.725,150.0
2019-11-26 16:50:08.193,98.725,30.0
2019-11-26 16:50:08.213,98.725,1.0
2019-11-26 16:50:27.004,98.725,14.0
2019-11-26 16:50:49.512,98.725,2.0
2019-11-26 16:50:49.522,98.725,4.0
2019-11-26 16:52:53.638,98.725,31.0
2019-11-26 16:52:53.660,98.725,1.0
2019-11-26 16:53:05.738,98.725,5.0
2019-11-26 16:53:07.090,98.725,6.0
2019-11-26 16:53:07.169,98.725,11.0
2019-11-26 16:53:07.200,98.725,52.0
2019-11-26 16:53:07.230,98.725,32.0
2019-11-26 16:53:07.249,98.725,38.0
2019-11-26 16:53:07.260,98.725,13.0
2019-11-26 16:53:07.270,98.725,11.0
2019-11-26 16:53:07.278,98.725,2.0
2019-11-26 16:56:59.376,98.72,50.0
2019-11-26 17:03:57.603,98.72,1.0
2019-11-26 17:06:57.936,98.72,10.0
2019-11-26 17:08:34.530,98.72,22.0
2019-11-26 17:08:34.538,98.72,1.0
2019-11-26 17:08:34.540,98.72,1.0
2019-11-26 17:08:45.069,98.72,24.0
2019-11-26 17:08:45.149,98.72,1.0
2019-11-26 17:08:45.159,98.72,1.0
2019-11-26 17:08:45.169,98.72,1.0
2019-11-26 17:08:45.197,98.72,3.0
2019-11-26 17:08:45.197,98.72,4.0
2019-11-26 17:11:15.830,98.72,21.0
2019-11-26 17:11:15.830,98.72,1.0
2019-11-26 17:11:15.830,98.72,1.0
2019-11-26 17:15:09.747,98.72,27.0
2019-11-26 17:34:02.286,98.72,3.0
2019-11-26 17:51:38.217,98.72,21.0
2019-11-26 17:51:38.797,98.72,2.0
2019-11-26 17:54:50.495,98.72,1.0
2019-11-26 17:54:50.516,98.72,3.0
2019-11-26 18:02:36.920,,4.0
2019-11-26 18:14:50.168,98.72,1.0
2019-11-26 18:14:50.198,98.72,1.0
2019-11-26 18:16:21.109,98.72,23.0
2019-11-26 18:16:21.109,98.72,23.0
2019-11-26 18:16:21.129,98.72,12.0
2019-11-26 18:16:21.157,98.72,12.0
2019-11-26 18:16:21.159,98.72,1.0
2019-11-26 18:16:21.169,98.72,1.0
2019-11-26 18:16:21.169,98.72,1.0
2019-11-26 18:16:21.189,98.72,5.0
2019-11-26 18:16:21.269,98.72,23.0
2019-11-26 18:16:44.899,98.72,13.0
2019-11-26 18:16:44.939,98.72,10.0
2019-11-26 18:18:40.058,98.72,31.0
2019-11-26 18:18:40.068,98.72,25.0
2019-11-26 18:18:40.076,98.72,25.0
2019-11-26 18:18:40.076,98.72,5.0
2019-11-26 18:18:40.076,98.72,1.0
2019-11-26 18:18:40.076,98.72,1.0
2019-11-26 18:22:55.844,98.72,10.0
2019-11-26 18:22:56.546,98.72,2.0
2019-11-26 18:39:53.193,98.72,15.0
2019-11-26 18:59:56.457,98.72,1.0
2019-11-26 19:25:48.017,98.715,5.0
2019-11-26 19:41:13.875,98.715,3.0
2019-11-26 19:41:13.885,98.715,1.0
2019-11-26 19:57:13.550,98.72,1.0
2019-11-26 19:57:13.561,98.72,1.0
2019-11-26 19:59:28.389,98.72,1.0
2019-11-26 19:59:28.397,98.72,1.0
2019-11-26 20:06:22.362,98.72,1.0
2019-11-26 20:09:09.887,98.72,2.0
2019-11-26 20:09:09.895,98.72,1.0
2019-11-26 21:30:46.680,98.715,2.0
2019-11-26 21:30:46.690,98.715,2.0
2019-11-26 21:30:46.690,98.715,1.0
2019-11-26 21:30:46.690,98.715,2.0
2019-11-26 21:30:46.690,98.715,2.0
2019-11-26 21:30:46.698,98.715,1.0
2019-11-26 21:30:46.698,98.715,2.0
2019-11-26 21:30:46.698,98.715,2.0
2019-11-26 21:30:46.698,98.715,1.0
2019-11-26 21:30:46.698,98.715,2.0
2019-11-26 21:30:46.698,98.715,1.0
2019-11-26 21:30:46.700,98.715,2.0
2019-11-26 21:30:46.700,98.715,1.0
2019-11-26 21:37:47.765,98.715,127.0
2019-11-26 21:55:41.587,98.71,43.0
2019-11-26 23:00:00.050,,2.0
2019-11-26 23:00:00.128,,1.0
2019-11-27 00:08:39.798,,5.0
2019-11-27 00:08:39.808,,2.0
2019-11-27 01:40:47.609,98.72,10.0
2019-11-27 09:03:22.971,98.715,23.0
2019-11-27 09:03:22.989,98.715,6.0
2019-11-27 09:03:29.541,98.715,30.0
2019-11-27 11:39:55.446,,16.0
2019-11-27 11:49:13.813,98.71,24.0
2019-11-27 11:55:19.468,98.71,4.0
2019-11-27 11:55:19.488,98.71,1.0
2019-11-27 11:55:19.606,98.71,4.0
2019-11-27 11:55:19.946,98.71,18.0
2019-11-27 11:55:19.946,98.71,16.0
2019-11-27 11:55:19.946,98.71,14.0
2019-11-27 11:55:19.968,98.71,17.0
2019-11-27 11:55:19.988,98.71,7.0
2019-11-27 11:55:20.008,98.71,6.0
2019-11-27 11:55:20.028,98.71,2.0
2019-11-27 11:55:20.218,98.71,1.0
2019-11-27 12:13:10.503,98.715,8.0
2019-11-27 12:45:24.809,98.71,30.0
2019-11-27 13:19:40.139,98.71,1.0
2019-11-27 13:19:40.169,98.71,1.0
2019-11-27 13:20:15.479,98.71,2.0
2019-11-27 13:20:15.537,98.71,1.0
2019-11-27 13:20:20.068,98.71,1.0
2019-11-27 13:21:33.405,98.71,54.0
2019-11-27 13:21:33.665,98.71,30.0
2019-11-27 13:21:55.791,98.71,2.0
2019-11-27 13:22:01.143,98.71,1.0
2019-11-27 13:22:06.440,98.71,1.0
2019-11-27 13:30:00.533,98.7,6.0
2019-11-27 13:30:07.691,98.7,2.0
2019-11-27 13:30:47.832,98.695,5.0
2019-11-27 13:31:40.328,,1.0
2019-11-27 13:31:46.097,98.69,11.0
2019-11-27 13:31:46.137,,25.0
2019-11-27 13:31:46.177,,2.0
2019-11-27 13:31:46.917,98.69,4.0
2019-11-27 13:31:47.527,98.69,1.0
2019-11-27 13:31:47.717,98.69,3.0
2019-11-27 13:32:16.095,98.69,10.0
2019-11-27 13:33:22.767,,1.0
2019-11-27 13:33:22.789,,1.0
2019-11-27 13:33:22.979,,1.0
2019-11-27 13:33:22.999,,1.0
2019-11-27 13:33:26.817,,1.0
2019-11-27 13:33:30.788,,2.0
2019-11-27 13:35:23.426,98.69,10.0
2019-11-27 13:35:23.495,98.69,46.0
2019-11-27 13:35:49.036,,1.0
2019-11-27 13:36:16.835,98.69,16.0
2019-11-27 13:36:45.131,98.69,3.0
2019-11-27 13:36:45.161,98.69,4.0
2019-11-27 13:36:45.201,98.69,19.0
2019-11-27 13:36:45.213,98.69,2.0
2019-11-27 13:36:45.543,98.69,29.0
2019-11-27 13:38:09.628,98.69,2.0
2019-11-27 13:39:47.035,98.69,52.0
2019-11-27 13:40:27.635,98.69,30.0
2019-11-27 13:40:29.375,98.69,17.0
2019-11-27 13:40:34.535,98.69,24.0
2019-11-27 13:40:43.866,98.69,5.0
2019-11-27 13:48:40.428,98.69,27.0
2019-11-27 13:48:40.430,98.69,9.0
2019-11-27 13:52:45.970,98.69,6.0
2019-11-27 13:59:24.979,98.695,19.0
2019-11-27 14:10:28.701,98.695,2.0
2019-11-27 14:21:20.434,98.7,2.0
2019-11-27 14:31:13.553,98.7,2.0
2019-11-27 14:32:11.876,98.7,14.0
2019-11-27 14:32:32.962,98.7,10.0
2019-11-27 14:35:10.411,98.695,26.0
2019-11-27 14:35:10.661,98.695,26.0
2019-11-27 14:35:10.673,98.695,1.0
2019-11-27 14:49:06.961,98.695,10.0
2019-11-27 14:50:16.436,98.69,5.0
2019-11-27 14:50:16.459,98.69,1.0
2019-11-27 15:01:53.027,,1.0
2019-11-27 15:03:34.283,98.7,18.0
2019-11-27 15:12:01.962,98.7,1.0
2019-11-27 15:14:25.811,98.7,6.0
2019-11-27 15:14:25.921,98.7,13.0
2019-11-27 15:15:43.655,98.7,7.0
2019-11-27 15:15:43.663,98.7,1.0
2019-11-27 15:15:43.665,98.7,1.0
2019-11-27 15:15:43.665,98.7,2.0
2019-11-27 15:16:36.840,98.7,6.0
2019-11-27 15:18:46.887,98.7,1.0
2019-11-27 15:18:47.017,98.7,112.0
2019-11-27 15:18:47.136,98.7,35.0
2019-11-27 15:24:07.213,,42.0
2019-11-27 15:24:10.963,,14.0
2019-11-27 15:24:17.019,,16.0
2019-11-27 15:24:34.192,,5.0
2019-11-27 15:24:59.784,,154.0
2019-11-27 15:24:59.814,,2.0
2019-11-27 15:24:59.814,,3.0
2019-11-27 15:24:59.814,,4.0
2019-11-27 15:24:59.814,,4.0
2019-11-27 15:24:59.815,,5.0
2019-11-27 15:24:59.826,,2.0
2019-11-27 15:24:59.826,,2.0
2019-11-27 15:24:59.826,,6.0
2019-11-27 15:25:00.265,,20.0
2019-11-27 15:25:00.306,98.695,54.0
2019-11-27 15:25:00.336,,3.0
2019-11-27 15:25:16.216,,10.0
2019-11-27 15:25:48.467,,5.0
2019-11-27 15:27:34.828,98.695,1.0
2019-11-27 15:40:16.626,98.695,6.0
2019-11-27 15:47:43.874,98.695,124.0
2019-11-27 15:49:08.724,98.695,4.0
2019-11-27 15:56:01.314,98.69,5.0
2019-11-27 15:57:06.125,98.695,7.0
2019-11-27 15:57:06.173,,1.0
2019-11-27 15:57:52.098,98.69,1.0
2019-11-27 16:00:42.406,,6.0
2019-11-27 16:13:51.469,,5.0
2019-11-27 16:24:48.497,98.685,2.0
2019-11-27 16:25:18.599,98.685,1.0
2019-11-27 16:26:14.661,98.685,15.0
2019-11-27 16:26:23.081,98.685,10.0
2019-11-27 16:26:23.101,98.685,15.0
2019-11-27 16:30:43.061,98.685,7.0
2019-11-27 16:43:38.482,98.69,7.0
2019-11-27 17:03:13.058,,5.0
2019-11-27 17:28:13.171,98.69,15.0
2019-11-27 17:28:13.191,98.69,152.0
2019-11-27 18:28:13.139,,11.0
2019-11-27 18:36:24.056,,24.0
2019-11-27 19:01:00.629,98.69,14.0
2019-11-27 19:01:00.678,98.69,42.0
2019-11-27 19:01:00.678,98.69,121.0
2019-11-27 19:01:00.719,98.69,23.0
2019-11-27 19:01:00.719,98.69,6.0
2019-11-27 19:01:00.729,98.69,20.0
2019-11-27 19:01:00.739,98.69,16.0
2019-11-27 19:01:00.739,98.69,6.0
2019-11-27 19:01:00.749,98.69,12.0
2019-11-27 19:01:00.749,98.69,13.0
2019-11-27 19:01:00.759,98.69,13.0
2019-11-27 19:01:00.759,98.69,13.0
2019-11-27 19:01:00.759,98.69,1.0
2019-11-27 19:01:43.637,,5.0
2019-11-27 19:02:39.352,,5.0
2019-11-27 19:02:57.781,,5.0
2019-11-27 19:06:24.636,98.69,120.0
2019-11-27 19:17:39.251,98.69,154.0
2019-11-27 19:17:40.089,98.685,6.0
2019-11-27 19:17:40.091,98.685,1.0
2019-11-27 19:17:40.091,98.685,1.0
2019-11-27 19:17:40.101,98.685,1.0
2019-11-27 19:19:00.836,,5.0
2019-11-27 19:28:14.020,,4.0
2019-11-27 19:28:26.118,,5.0
2019-11-27 19:32:08.553,,10.0
2019-11-27 19:35:43.154,98.68,36.0
2019-11-27 19:37:44.091,,10.0
2019-11-27 19:50:06.340,98.675,15.0
2019-11-27 20:03:59.918,98.68,3.0
2019-11-27 20:12:14.758,98.675,31.0
2019-11-27 20:12:14.768,98.675,24.0
2019-11-27 20:20:46.487,98.675,132.0
2019-11-27 20:20:46.487,98.675,2.0
2019-11-27 20:34:25.324,98.675,10.0
2019-11-27 20:34:25.444,98.675,3.0
2019-11-27 20:34:25.444,98.675,16.0
2019-11-27 20:34:25.446,98.675,8.0
2019-11-27 20:34:25.456,98.675,5.0
2019-11-27 20:34:25.456,98.675,4.0
2019-11-27 20:34:37.483,98.675,34.0
2019-11-27 20:48:27.544,98.675,3.0
2019-11-27 20:48:27.636,98.675,25.0
2019-11-27 20:51:07.623,98.675,3.0
2019-11-27 20:59:15.463,98.675,116.0
2019-11-27 21:55:34.676,98.68,1.0
2019-11-28 00:50:18.084,,10.0
2019-11-28 00:50:18.094,,10.0
2019-11-28 00:50:18.094,,10.0
2019-11-28 00:50:18.094,,10.0
2019-11-28 07:25:01.401,98.69,1.0
2019-11-28 07:25:01.413,98.69,1.0
2019-11-28 07:28:53.243,98.69,2.0
2019-11-28 07:28:53.251,98.69,9.0
2019-11-28 11:06:53.028,,6.0
2019-11-28 11:57:44.101,,4.0
2019-11-29 05:42:39.089,98.685,2.0
2019-11-29 08:31:46.433,98.675,5.0
2019-11-29 08:32:08.922,98.675,2.0
2019-11-29 08:34:21.777,98.675,14.0
2019-11-29 08:34:21.795,98.675,3.0
2019-11-29 08:34:21.807,98.675,3.0
2019-11-29 08:34:21.815,98.675,1.0
2019-11-29 08:34:21.815,98.675,4.0
2019-11-29 08:34:34.776,98.675,3.0
2019-11-29 08:34:34.788,98.675,18.0
2019-11-29 08:34:34.806,98.675,8.0
2019-11-29 08:34:48.417,98.675,4.0
2019-11-29 08:34:48.435,98.675,4.0
2019-11-29 08:34:48.457,98.675,6.0
2019-11-29 08:38:13.858,98.675,27.0
2019-11-29 08:53:33.571,98.675,5.0
2019-11-29 10:13:09.516,98.68,5.0
2019-11-29 12:57:27.757,98.675,5.0
2019-11-29 12:58:06.907,98.675,5.0
2019-11-29 12:58:32.164,98.675,10.0
2019-11-29 13:04:01.939,98.675,10.0
2019-11-29 13:47:52.151,98.675,112.0
2019-11-29 13:48:31.701,,1.0
2019-11-29 13:51:15.652,98.675,5.0
2019-11-29 14:00:15.166,98.67,45.0
2019-11-29 14:02:48.901,98.67,66.0
2019-11-29 14:25:56.938,98.675,34.0
2019-11-29 14:35:26.446,98.675,2.0
2019-11-29 14:59:30.249,,21.0
2019-11-29 14:59:58.570,,14.0
2019-11-29 15:00:11.423,,5.0
2019-11-29 15:00:32.415,,2.0
2019-11-29 15:00:32.448,,2.0
2019-11-29 15:00:32.458,,74.0
2019-11-29 15:05:33.462,98.675,6.0
2019-11-29 15:05:33.504,98.675,2.0
2019-11-29 15:06:01.234,98.675,1.0
2019-11-29 15:06:01.264,98.675,1.0
2019-11-29 15:06:55.383,98.675,1.0
2019-11-29 15:14:24.229,,24.0
2019-11-29 15:14:24.241,,6.0
2019-11-29 15:29:41.000,98.675,32.0
2019-11-29 15:55:39.286,98.675,5.0
2019-11-29 15:55:39.374,98.675,2.0
2019-11-29 15:55:39.376,98.675,4.0
2019-11-29 16:00:47.376,98.67,2.0
2019-11-29 16:02:33.517,98.67,15.0
2019-11-29 16:02:33.527,98.67,4.0
2019-11-29 16:02:33.527,98.67,3.0
2019-11-29 16:02:33.527,98.67,3.0
2019-11-29 16:02:33.527,98.67,4.0
2019-11-29 16:03:40.834,98.67,15.0
2019-11-29 16:16:59.105,,24.0
2019-11-29 16:20:15.846,,24.0
2019-11-29 16:21:03.558,,24.0
2019-11-29 16:30:47.182,98.675,21.0
2019-11-29 16:32:38.240,98.675,1.0
2019-11-29 16:34:40.427,98.675,4.0
2019-11-29 16:35:55.281,98.675,2.0
2019-11-29 16:36:05.279,98.675,16.0
2019-11-29 16:36:09.939,98.675,3.0
2019-11-29 16:36:10.641,98.675,4.0
2019-11-29 16:36:10.659,98.675,2.0
2019-11-29 16:36:10.669,98.675,10.0
2019-11-29 16:36:17.172,98.675,12.0
2019-11-29 16:36:17.182,98.675,9.0
2019-11-29 16:36:17.212,98.675,32.0
2019-11-29 16:38:12.584,98.675,6.0
2019-11-29 16:38:12.604,98.675,6.0
2019-11-29 16:54:21.009,98.675,17.0
2019-11-29 16:54:46.068,98.675,1.0
2019-11-29 17:03:52.295,,15.0
2019-11-29 17:04:47.064,98.68,6.0
2019-11-29 17:04:47.844,98.68,3.0
2019-11-29 17:04:52.302,98.68,25.0
2019-11-29 17:04:52.310,98.68,1.0
2019-11-29 17:25:41.815,98.68,82.0
2019-11-29 17:51:39.333,,5.0
2019-11-29 17:51:39.413,98.68,24.0
2019-11-29 17:55:12.288,98.685,12.0
2019-11-29 17:55:12.300,98.685,1.0
2019-11-29 17:55:23.668,98.685,2.0
2019-11-29 17:55:43.871,98.685,1.0
2019-11-29 17:55:57.170,98.685,1.0
2019-11-29 17:56:06.053,98.685,2.0
2019-11-29 17:56:15.793,98.685,1.0
2019-11-29 17:56:21.234,98.685,5.0
2019-11-29 17:56:23.414,98.685,3.0
2019-11-29 17:56:23.414,98.685,15.0
2019-11-29 17:57:04.097,98.685,2.0
2019-11-29 17:57:04.277,98.685,5.0
2019-11-29 17:57:04.447,98.685,5.0
2019-11-29 17:57:28.689,98.685,1.0
2019-11-29 17:57:42.372,98.685,35.0
2019-11-29 17:58:53.641,98.69,1.0
2019-11-29 17:58:57.371,98.69,1.0
2019-11-29 17:59:15.943,98.69,2.0
2019-11-29 17:59:18.620,98.69,1.0
2019-11-29 17:59:40.233,98.69,1.0
2019-11-29 17:59:40.254,98.69,1.0
2019-11-29 17:59:40.274,98.69,1.0
2019-11-29 17:59:40.274,98.69,1.0
2019-11-29 17:59:40.283,98.69,13.0
2019-11-29 17:59:40.294,98.69,1.0
2019-11-29 17:59:40.534,98.69,29.0
2019-11-29 17:59:40.634,98.69,29.0
2019-11-29 17:59:40.865,98.69,2.0
2019-11-29 17:59:40.913,98.69,2.0
2019-11-29 17:59:43.134,98.69,1.0
2019-11-29 17:59:44.305,98.69,3.0
2019-11-29 17:59:44.314,98.69,16.0
2019-11-29 17:59:44.324,98.69,5.0
2019-11-29 17:59:47.334,98.69,2.0
2019-11-29 17:59:47.964,98.69,1.0
2019-11-29 17:59:49.743,98.69,9.0
2019-11-29 17:59:53.713,98.69,1.0
2019-11-29 17:59:54.114,98.69,1.0
2019-11-29 17:59:54.554,98.69,1.0
2019-11-29 17:59:55.133,98.69,1.0
2019-11-29 17:59:55.293,98.69,1.0
2019-11-29 17:59:55.293,98.69,1.0
2019-11-29 17:59:55.343,98.69,10.0
2019-11-29 17:59:55.923,98.69,1.0
2019-11-29 18:00:01.423,98.695,3.0
2019-11-29 18:00:02.042,98.695,10.0
2019-11-29 18:00:02.055,98.695,8.0
2019-11-29 18:00:02.274,98.695,17.0
2019-11-29 18:00:52.324,98.69,1.0
2019-11-29 18:02:01.119,98.69,1.0
2019-11-29 18:02:01.127,98.69,1.0
2019-11-29 18:02:01.127,98.69,1.0
2019-11-29 18:02:01.129,98.69,1.0
2019-11-29 18:02:01.129,98.69,1.0
2019-11-29 18:02:01.129,98.69,4.0
2019-11-29 18:02:01.139,98.69,5.0
2019-11-29 18:02:01.139,98.69,7.0
2019-11-29 18:02:05.309,98.69,2.0
2019-11-29 18:02:05.319,98.69,2.0
2019-11-29 18:02:05.319,98.69,3.0
2019-11-29 18:02:09.778,98.69,1.0
2019-11-29 18:02:09.780,98.69,1.0
2019-11-29 18:02:09.780,98.69,1.0
2019-11-29 18:02:09.780,98.69,2.0
2019-11-29 18:02:09.780,98.69,3.0
2019-11-29 18:02:09.790,98.69,1.0
2019-11-29 18:02:36.350,98.69,1.0
2019-11-29 18:02:45.370,98.69,2.0
2019-11-29 18:03:01.101,98.69,2.0
2019-11-29 18:03:01.101,98.69,1.0
2019-11-29 18:03:01.101,98.69,3.0
2019-11-29 18:03:05.440,98.69,3.0
2019-11-29 18:03:05.450,98.69,2.0
2019-11-29 18:03:05.450,98.69,2.0
2019-11-29 18:03:08.040,98.69,3.0
2019-11-29 18:03:08.059,98.69,4.0
2019-11-29 18:03:08.059,98.69,1.0
2019-11-29 18:03:08.059,98.69,3.0
2019-11-29 18:03:08.061,98.69,1.0
2019-11-29 18:03:08.081,98.69,1.0
2019-11-29 18:03:12.161,98.69,1.0
2019-11-29 18:03:12.181,98.69,3.0
2019-11-29 18:03:12.181,98.69,1.0
2019-11-29 18:03:20.560,98.69,61.0
2019-11-29 18:03:20.562,98.69,61.0
2019-11-29 18:03:23.461,98.69,1.0
2019-11-29 18:03:36.619,98.69,4.0
2019-11-29 18:03:43.159,98.69,1.0
2019-11-29 18:03:43.171,98.69,4.0
2019-11-29 18:04:05.091,98.69,29.0
2019-11-29 18:04:05.110,98.69,11.0
2019-11-29 18:04:05.110,98.69,1.0
2019-11-29 18:04:05.110,98.69,1.0
2019-11-29 18:04:05.112,98.69,1.0
2019-11-29 18:04:05.112,98.69,1.0
2019-11-29 18:04:05.120,98.69,1.0
2019-11-29 18:04:05.120,98.69,2.0
2019-11-29 18:04:05.120,98.69,1.0
2019-11-29 18:04:05.120,98.69,1.0
2019-11-29 18:04:05.120,98.69,1.0
2019-11-29 18:04:05.130,98.69,1.0
2019-11-29 18:04:05.130,98.69,5.0
2019-11-29 18:04:05.132,98.69,6.0
2019-11-29 18:04:20.642,98.69,1.0
2019-11-29 18:04:44.993,98.69,1.0
2019-11-29 18:04:46.891,98.69,19.0
2019-11-29 18:04:46.891,98.69,26.0
2019-11-29 18:04:46.893,98.69,20.0
2019-11-29 18:04:52.473,98.69,13.0
2019-11-29 18:04:52.491,98.69,7.0
2019-11-29 18:14:48.986,98.685,100.0
2019-12-02 07:04:45.895,98.67,1.0
2019-12-02 07:04:45.935,98.67,1.0
2019-12-02 07:05:38.369,98.67,4.0
2019-12-02 07:05:38.379,98.67,4.0
2019-12-02 07:10:11.308,,35.0
2019-12-02 07:10:11.318,,2.0
2019-12-02 07:10:11.318,,2.0
2019-12-02 07:11:47.803,98.665,1.0
2019-12-02 07:11:48.044,98.665,1.0
2019-12-02 07:15:06.899,98.665,1.0
2019-12-02 07:38:48.330,98.67,1.0
2019-12-02 07:38:52.428,98.67,1.0
2019-12-02 07:38:52.436,98.67,3.0
2019-12-02 07:38:52.688,98.67,1.0
2019-12-02 07:38:54.817,98.67,1.0
2019-12-02 07:38:55.439,98.67,2.0
2019-12-02 07:38:55.639,98.67,1.0
2019-12-02 07:38:56.529,98.67,1.0
2019-12-02 07:38:56.967,98.67,1.0
2019-12-02 07:38:59.229,98.67,1.0
2019-12-02 07:39:01.887,98.67,1.0
2019-12-02 07:39:24.588,98.67,2.0
2019-12-02 07:40:25.365,98.67,1.0
2019-12-02 07:40:25.385,98.67,4.0
2019-12-02 07:40:25.623,98.67,1.0
2019-12-02 07:40:30.244,98.67,2.0
2019-12-02 07:40:32.854,98.67,2.0
2019-12-02 07:40:33.044,98.67,1.0
2019-12-02 07:42:52.707,98.665,1.0
2019-12-02 07:42:54.887,98.665,1.0
2019-12-02 07:44:27.657,98.665,1.0
2019-12-02 07:50:12.292,98.665,1.0
2019-12-02 08:01:44.080,98.66,1.0
2019-12-02 08:01:44.090,98.66,2.0
2019-12-02 08:01:51.160,98.66,20.0
2019-12-02 08:06:15.892,98.66,1.0
2019-12-02 08:06:15.902,98.66,2.0
2019-12-02 08:07:17.695,98.66,2.0
2019-12-02 08:07:18.915,98.66,24.0
2019-12-02 08:07:18.947,,2.0
2019-12-02 08:07:31.346,98.66,6.0
2019-12-02 08:08:02.660,98.66,1.0
2019-12-02 08:08:02.790,98.66,6.0
2019-12-02 08:08:08.790,98.66,4.0
2019-12-02 08:08:52.061,98.66,5.0
2019-12-02 08:09:45.457,98.66,1.0
2019-12-02 08:12:05.692,98.66,5.0
2019-12-02 08:12:18.193,,12.0
2019-12-02 08:12:28.885,98.66,1.0
2019-12-02 08:12:52.371,98.66,2.0
2019-12-02 08:13:41.841,98.66,14.0
2019-12-02 08:13:58.289,98.66,32.0
2019-12-02 08:19:49.965,,12.0
2019-12-02 08:20:04.366,,6.0
2019-12-02 08:21:40.184,98.655,3.0
2019-12-02 08:22:58.668,98.655,2.0
2019-12-02 08:22:58.678,98.655,4.0
2019-12-02 08:23:53.812,98.655,11.0
2019-12-02 08:23:53.880,98.655,4.0
2019-12-02 08:27:02.055,98.655,29.0
2019-12-02 08:32:07.244,98.655,28.0
2019-12-02 08:32:07.796,98.655,3.0
2019-12-02 08:32:23.934,98.655,5.0
2019-12-02 08:33:29.891,98.655,5.0
2019-12-02 08:33:57.610,98.655,5.0
2019-12-02 08:34:42.870,98.655,5.0
2019-12-02 08:35:48.553,98.655,5.0
2019-12-02 08:40:17.516,98.655,5.0
2019-12-02 08:40:17.526,98.655,7.0
2019-12-02 08:40:17.546,98.655,5.0
2019-12-02 08:40:56.134,98.655,5.0
2019-12-02 08:40:56.144,98.655,3.0
2019-12-02 08:42:14.365,98.655,5.0
2019-12-02 08:42:31.504,98.655,5.0
2019-12-02 08:43:40.974,98.655,1.0
2019-12-02 08:45:47.361,98.655,4.0
2019-12-02 08:45:47.381,98.655,44.0
2019-12-02 08:46:05.830,98.655,5.0
2019-12-02 08:46:05.910,98.655,21.0
2019-12-02 08:46:29.437,98.655,5.0
2019-12-02 08:46:57.522,98.655,5.0
2019-12-02 08:47:43.471,98.655,5.0
2019-12-02 08:47:43.722,98.655,2.0
2019-12-02 08:48:44.304,98.655,5.0
2019-12-02 08:50:01.660,98.655,5.0
2019-12-02 08:50:01.790,98.655,5.0
2019-12-02 08:54:56.857,98.655,5.0
2019-12-02 08:56:46.273,98.655,13.0
2019-12-02 08:56:46.603,98.655,5.0
2019-12-02 08:56:51.783,98.655,5.0
2019-12-02 08:57:24.464,98.655,36.0
2019-12-02 08:58:43.137,98.655,5.0
2019-12-02 08:58:43.178,98.655,5.0
2019-12-02 09:00:25.804,98.655,5.0
2019-12-02 09:25:51.104,98.655,7.0
2019-12-02 09:26:01.494,98.655,29.0
2019-12-02 09:26:01.926,98.66,1.0
2019-12-02 09:26:01.926,98.66,2.0
2019-12-02 09:26:01.936,98.66,5.0
2019-12-02 09:26:01.936,98.66,1.0
2019-12-02 09:26:01.937,98.66,2.0
2019-12-02 09:26:01.956,98.66,6.0
2019-12-02 09:26:01.974,98.66,2.0
2019-12-02 09:26:01.974,98.66,1.0
2019-12-02 09:26:01.974,98.66,6.0
2019-12-02 09:26:01.986,98.66,3.0
2019-12-02 09:26:01.986,98.66,6.0
2019-12-02 09:26:01.994,98.66,2.0
2019-12-02 09:26:02.014,98.66,2.0
2019-12-02 09:26:02.014,98.66,1.0
2019-12-02 09:26:02.024,98.66,1.0
2019-12-02 09:26:02.026,98.66,1.0
2019-12-02 09:26:02.026,98.66,1.0
2019-12-02 09:28:21.491,98.66,24.0
2019-12-02 09:33:50.463,98.66,11.0
2019-12-02 09:34:47.157,98.66,1.0
2019-12-02 09:34:47.175,98.66,7.0
2019-12-02 09:49:04.324,98.66,5.0
2019-12-02 09:49:12.872,98.66,38.0
2019-12-02 09:49:12.912,98.66,5.0
2019-12-02 09:49:12.982,98.66,30.0
2019-12-02 10:04:42.777,,24.0
2019-12-02 11:00:35.553,98.66,5.0
2019-12-02 11:00:35.643,98.66,52.0
2019-12-02 11:00:35.663,98.66,37.0
2019-12-02 11:00:35.733,98.66,5.0
2019-12-02 11:00:35.751,98.66,2.0
2019-12-02 11:00:35.761,98.66,2.0
2019-12-02 11:00:35.764,98.66,2.0
2019-12-02 11:00:35.773,98.66,1.0
2019-12-02 11:00:35.783,98.66,5.0
2019-12-02 11:00:35.804,98.66,5.0
2019-12-02 11:00:41.793,98.66,12.0
2019-12-02 11:00:41.913,98.66,1.0
2019-12-02 11:00:42.023,98.66,1.0
2019-12-02 11:15:03.627,,24.0
2019-12-02 11:22:35.610,,24.0
2019-12-02 11:32:57.926,98.665,5.0
2019-12-02 11:33:21.038,98.665,2.0
2019-12-02 11:33:21.048,98.665,3.0
2019-12-02 11:35:15.964,98.665,5.0
2019-12-02 11:42:41.012,98.665,2.0
2019-12-02 11:44:02.588,,2.0
2019-12-02 11:47:49.506,98.665,13.0
2019-12-02 11:56:09.811,98.665,1.0
2019-12-02 11:56:09.819,98.665,10.0
2019-12-02 11:56:09.829,98.665,20.0
2019-12-02 11:56:20.701,98.665,5.0
2019-12-02 11:56:51.329,98.665,2.0
2019-12-02 11:56:51.329,98.665,2.0
2019-12-02 11:56:51.337,98.665,1.0
2019-12-02 11:56:53.799,98.665,19.0
2019-12-02 11:58:28.287,98.665,6.0
2019-12-02 11:58:28.315,98.665,21.0
2019-12-02 12:26:00.390,98.67,2.0
2019-12-02 12:26:00.498,98.67,3.0
2019-12-02 12:35:11.553,98.665,5.0
2019-12-02 12:35:29.033,98.665,2.0
2019-12-02 12:42:58.548,98.665,5.0
2019-12-02 12:43:16.768,98.665,5.0
2019-12-02 12:53:05.322,98.66,10.0
2019-12-02 12:53:05.470,98.66,9.0
2019-12-02 12:53:21.318,98.66,3.0
2019-12-02 12:54:19.186,98.66,28.0
2019-12-02 12:54:19.186,98.66,2.0
2019-12-02 12:58:08.625,98.66,5.0
2019-12-02 12:58:08.625,98.66,2.0
2019-12-02 12:58:08.635,98.66,1.0
2019-12-02 12:58:08.655,98.66,15.0
2019-12-02 12:58:08.735,98.66,1.0
2019-12-02 12:58:08.815,98.66,1.0
2019-12-02 12:58:08.835,98.66,3.0
2019-12-02 12:58:08.905,98.66,1.0
2019-12-02 12:58:08.983,98.66,10.0
2019-12-02 12:58:11.093,98.66,2.0
2019-12-02 12:58:18.084,98.66,22.0
2019-12-02 12:58:29.992,98.66,1.0
2019-12-02 12:58:34.897,98.66,2.0
2019-12-02 12:58:43.875,98.66,3.0
2019-12-02 12:58:43.886,98.66,1.0
2019-12-02 12:58:43.886,98.66,2.0
2019-12-02 12:58:43.926,98.66,1.0
2019-12-02 12:58:43.934,98.66,1.0
2019-12-02 12:58:50.456,98.66,3.0
2019-12-02 13:00:00.603,98.66,1.0
2019-12-02 13:00:01.752,98.66,6.0
2019-12-02 13:06:44.851,98.665,1.0
2019-12-02 13:06:45.011,98.665,26.0
2019-12-02 13:06:45.011,98.665,29.0
2019-12-02 13:06:45.011,98.665,9.0
2019-12-02 13:06:45.011,98.665,1.0
2019-12-02 13:06:45.053,98.665,1.0
2019-12-02 13:06:45.181,98.665,2.0
2019-12-02 13:08:17.176,98.665,1.0
2019-12-02 13:08:17.186,98.665,2.0
2019-12-02 13:08:17.216,98.665,1.0
2019-12-02 13:08:23.539,98.665,8.0
2019-12-02 13:08:23.549,98.665,10.0
2019-12-02 13:15:50.089,98.665,148.0
2019-12-02 13:15:50.129,98.665,61.0
2019-12-02 13:15:52.836,98.665,3.0
2019-12-02 13:15:52.846,98.665,10.0
2019-12-02 13:15:53.138,98.665,1.0
2019-12-02 13:16:00.238,98.665,1.0
2019-12-02 13:18:21.351,98.665,5.0
2019-12-02 13:18:21.381,98.665,5.0
2019-12-02 13:18:21.391,98.665,4.0
2019-12-02 13:26:50.751,98.665,13.0
2019-12-02 13:27:37.176,98.665,5.0
2019-12-02 13:38:51.809,98.67,19.0
2019-12-02 13:38:51.809,98.67,6.0
2019-12-02 13:38:51.827,98.67,3.0
2019-12-02 13:51:11.904,98.66,2.0
2019-12-02 13:51:12.632,98.66,1.0
2019-12-02 13:51:14.623,98.66,1.0
2019-12-02 14:01:55.402,98.66,1.0
2019-12-02 14:10:57.870,98.66,5.0
2019-12-02 14:17:18.523,98.655,5.0
2019-12-02 14:38:52.471,98.66,1.0
2019-12-02 14:38:52.472,98.66,1.0
2019-12-02 14:39:37.473,98.66,3.0
2019-12-02 14:39:48.848,98.66,2.0
2019-12-02 14:42:06.560,98.66,17.0
2019-12-02 14:42:06.569,98.66,11.0
2019-12-02 14:45:26.968,,3.0
2019-12-02 14:49:31.796,98.655,1.0
2019-12-02 14:49:32.836,98.655,1.0
2019-12-02 14:49:43.190,98.655,6.0
2019-12-02 14:49:43.190,98.655,1.0
2019-12-02 14:49:43.230,98.655,4.0
2019-12-02 15:00:00.645,,11.0
2019-12-02 15:00:13.755,98.675,6.0
2019-12-02 15:00:13.895,98.675,4.0
2019-12-02 15:00:13.902,98.675,8.0
2019-12-02 15:00:13.902,98.675,1.0
2019-12-02 15:00:13.902,98.675,4.0
2019-12-02 15:00:14.376,98.675,1.0
2019-12-02 15:00:14.915,98.675,2.0
2019-12-02 15:00:15.716,98.675,4.0
2019-12-02 15:00:15.726,98.675,1.0
2019-12-02 15:00:15.726,98.675,2.0
2019-12-02 15:00:15.736,98.675,3.0
2019-12-02 15:00:15.985,98.675,1.0
2019-12-02 15:00:15.985,98.675,1.0
2019-12-02 15:00:15.996,98.675,3.0
2019-12-02 15:00:15.996,98.675,3.0
2019-12-02 15:00:15.996,98.675,1.0
2019-12-02 15:00:16.005,98.675,2.0
2019-12-02 15:00:24.425,98.68,12.0
2019-12-02 15:00:28.425,98.68,26.0
2019-12-02 15:06:54.963,98.68,23.0
2019-12-02 15:07:00.292,98.68,87.0
2019-12-02 15:11:25.743,98.675,7.0
2019-12-02 15:12:13.949,98.675,25.0
2019-12-02 15:12:14.879,98.675,5.0
2019-12-02 15:12:16.149,98.675,5.0
2019-12-02 15:12:46.765,98.675,26.0
2019-12-02 15:13:55.676,98.675,10.0
2019-12-02 15:15:05.506,98.67,5.0
2019-12-02 15:18:03.626,98.67,2.0
2019-12-02 15:18:18.120,98.67,17.0
2019-12-02 15:18:32.714,98.67,12.0
2019-12-02 15:18:32.943,98.67,11.0
2019-12-02 15:18:33.144,98.67,10.0
2019-12-02 15:18:35.285,98.67,12.0
2019-12-02 15:18:35.495,98.67,15.0
2019-12-02 15:18:35.695,98.67,11.0
2019-12-02 15:18:36.155,98.67,6.0
2019-12-02 15:19:12.702,98.67,148.0
2019-12-02 15:19:43.662,98.675,3.0
2019-12-02 15:20:00.563,98.675,12.0
2019-12-02 15:22:43.691,98.67,5.0
2019-12-02 15:26:30.437,98.67,5.0
2019-12-02 15:27:31.037,98.67,1.0
2019-12-02 15:27:31.137,98.67,22.0
2019-12-02 15:27:31.147,98.67,3.0
2019-12-02 15:27:51.720,98.67,8.0
2019-12-02 15:27:51.728,98.67,1.0
2019-12-02 15:27:51.730,98.67,1.0
2019-12-02 15:27:51.740,98.67,2.0
2019-12-02 15:27:51.740,98.67,1.0
2019-12-02 15:27:51.740,98.67,1.0
2019-12-02 15:27:51.748,98.67,2.0
2019-12-02 15:28:22.866,98.67,1.0
2019-12-02 15:28:52.370,98.67,2.0
2019-12-02 15:29:09.002,98.67,12.0
2019-12-02 15:30:03.389,98.67,7.0
2019-12-02 15:31:03.143,98.67,1.0
2019-12-02 15:32:33.070,98.67,5.0
2019-12-02 15:35:26.275,98.68,121.0
2019-12-02 15:35:26.526,98.68,5.0
2019-12-02 15:35:26.676,98.68,40.0
2019-12-02 15:35:27.106,98.68,2.0
2019-12-02 15:35:29.165,98.685,30.0
2019-12-02 15:35:29.206,98.685,14.0
2019-12-02 15:35:29.256,98.685,1.0
2019-12-02 15:35:29.256,98.685,2.0
2019-12-02 15:35:29.266,98.685,1.0
2019-12-02 15:35:29.266,98.685,1.0
2019-12-02 15:35:29.266,98.685,2.0
2019-12-02 15:35:29.336,98.685,5.0
2019-12-02 15:35:30.008,98.685,11.0
2019-12-02 15:35:30.056,98.685,19.0
2019-12-02 15:35:30.056,98.685,1.0
2019-12-02 15:35:30.065,98.685,13.0
2019-12-02 15:35:30.203,98.685,1.0
2019-12-02 15:35:30.616,98.685,10.0
2019-12-02 15:35:30.626,98.685,1.0
2019-12-02 15:35:30.646,98.685,10.0
2019-12-02 15:35:30.936,98.685,28.0
2019-12-02 15:35:30.936,98.685,3.0
2019-12-02 15:35:30.946,98.685,5.0
2019-12-02 15:35:30.955,98.685,24.0
2019-12-02 15:35:30.955,98.685,2.0
